code,ask_size1,ask_size2,ask_size3,ask_size4,ask_size5,ask_price1,ask_price2,ask_price3,ask_price4,ask_price5,ask_yield1,ask_yield2,ask_yield3,ask_yield4,ask_yield5,bid_size1,bid_size2,bid_size3,bid_size4,bid_size5,bid_price1,bid_price2,bid_price3,bid_price4,bid_price5,bid_yield1,bid_yield2,bid_yield3,bid_yield4,bid_yield5,clearMethod,deliveryType,dataSource,settle_type,recv_time,source_time,is_inversion,is_unilateral,is_vacuum,is_spike
220205,60000000,,,,,100.0,,,,,2.9983,,,,,80000000,,,,,98.0,,,,,3.3035,,,,,,,XBOND,T1,"	2024-07-16 20:00:01	","	2024-07-16 20:00:01	",0,0,0,0
220205,60000000,40000000,,,,100.0,105.3212,,,,2.9983,2.221,,,,80000000,,,,,98.0,,,,,3.3035,,,,,,,XBOND,T1,"	2024-07-16 19:58:39	","	2024-07-16 19:58:39	",0,0,0,0
170010,10000000,,,,,102.1441,,,,,2.7182,,,,,10000000,,,,,101.2553,,,,,3.0475,,,,,,,XBOND,T1,"	2024-07-16 19:56:29	","	2024-07-16 19:56:29	",0,0,0,0
180011,,,,,,,,,,,,,,,,,,,,,,,,,,,,,,,,,XBOND,T1,"	2024-07-16 19:56:28	","	2024-07-16 19:56:28	",0,0,1,0
180210,,,,,,,,,,,,,,,,50000000,,,,,101.783,,,,,3.55,,,,,,,XBOND,T1,"	2024-07-16 19:52:41	","	2024-07-16 19:52:41	",0,1,0,0
180210,,,,,,,,,,,,,,,,20000000,50000000,,,,103.3415,101.783,,,,3.1313,3.55,,,,,,XBOND,T1,"	2024-07-16 19:51:10	","	2024-07-16 19:51:10	",0,1,0,0
180210,,,,,,,,,,,,,,,,50000000,,,,,101.783,,,,,3.55,,,,,,,XBOND,T1,"	2024-07-16 19:50:45	","	2024-07-16 19:50:45	",0,1,0,0
180210,,,,,,,,,,,,,,,,20000000,50000000,,,,103.3415,101.783,,,,3.1313,3.55,,,,,,XBOND,T1,"	2024-07-16 19:50:43	","	2024-07-16 19:50:43	",0,1,0,0
180210,,,,,,,,,,,,,,,,50000000,,,,,101.783,,,,,3.55,,,,,,,XBOND,T1,"	2024-07-16 19:50:26	","	2024-07-16 19:50:25	",0,1,0,0
180210,,,,,,,,,,,,,,,,20000000,50000000,,,,103.3415,101.783,,,,3.1313,3.55,,,,,,XBOND,T1,"	2024-07-16 19:50:03	","	2024-07-16 19:50:02	",0,1,0,0
180210,,,,,,,,,,,,,,,,50000000,20000000,,,,101.783,101.7782,,,,3.55,3.5513,,,,,,XBOND,T1,"	2024-07-16 19:48:27	","	2024-07-16 19:48:26	",0,1,0,0
170010,10000000,,,,,103.7734,,,,,2.1234,,,,,10000000,,,,,103.5262,,,,,2.2129,,,,,,,XBOND,T1,"	2024-07-16 19:47:42	","	2024-07-16 19:47:42	",0,0,0,0
180011,120000000,,,,,103.4862,,,,,2.7255,,,,,100000000,100000000,,,,103.4862,103.4674,,,,2.7255,2.7306,,,,,,XBOND,T1,"	2024-07-16 19:47:41	","	2024-07-16 19:47:41	",1,0,0,0
170010,10000000,,,,,102.1441,,,,,2.7182,,,,,10000000,,,,,101.2553,,,,,3.0475,,,,,,,XBOND,T1,"	2024-07-16 19:47:31	","	2024-07-16 19:47:31	",0,0,0,0
180011,,,,,,,,,,,,,,,,,,,,,,,,,,,,,,,,,XBOND,T1,"	2024-07-16 19:47:30	","	2024-07-16 19:47:30	",0,0,1,0
170010,10000000,,,,,103.7737,,,,,2.1233,,,,,10000000,,,,,103.5262,,,,,2.2129,,,,,,,XBOND,T1,"	2024-07-16 19:46:46	","	2024-07-16 19:46:45	",0,0,0,0
180011,120000000,,,,,103.4866,,,,,2.7254,,,,,100000000,100000000,,,,103.4862,103.4681,,,,2.7255,2.7304,,,,,,XBOND,T1,"	2024-07-16 19:46:45	","	2024-07-16 19:46:44	",0,0,0,0
170010,10000000,,,,,102.1441,,,,,2.7182,,,,,10000000,,,,,101.2553,,,,,3.0475,,,,,,,XBOND,T1,"	2024-07-16 19:46:02	","	2024-07-16 19:46:02	",0,0,0,0
180011,,,,,,,,,,,,,,,,,,,,,,,,,,,,,,,,,XBOND,T1,"	2024-07-16 19:46:01	","	2024-07-16 19:46:01	",0,0,1,0
180011,120000000,,,,,103.4866,,,,,2.7254,,,,,100000000,100000000,,,,103.4862,103.4681,,,,2.7255,2.7304,,,,,,XBOND,T1,"	2024-07-16 19:45:49	","	2024-07-16 19:45:48	",0,0,0,0
220205,40000000,,,,,105.3212,,,,,2.221,,,,,20000000,,,,,105.2859,,,,,2.226,,,,,,,XBOND,T1,"	2024-07-16 19:45:49	","	2024-07-16 19:45:48	",0,0,0,0
160010,,,,,,,,,,,,,,,,50000000,,,,,101.051,,,,,2.3,,,,,,,XBOND,T1,"	2024-07-16 19:45:49	","	2024-07-16 19:45:48	",0,1,0,0
170010,10000000,,,,,103.7737,,,,,2.1233,,,,,10000000,,,,,103.5196,,,,,2.2153,,,,,,,XBOND,T1,"	2024-07-16 19:45:49	","	2024-07-16 19:45:48	",0,0,0,0
210215,1010000000,,,,,98.862,,,,,3.3,,,,,60000000,980000000,,,,98.675,98.2401,,,,3.33,3.4,,,,,,XBOND,T1,"	2024-07-16 19:45:49	","	2024-07-16 19:45:48	",0,0,0,0
050004,,,,,,,,,,,,,,,,160000000,,,,,92.5,,,,,13.9857,,,,,,,XBOND,T1,"	2024-07-16 19:45:49	","	2024-07-16 19:45:48	",0,1,0,0
190210,,,,,,,,,,,,,,,,,,,,,,,,,,,,,,,,,XBOND,T1,"	2024-07-16 19:45:49	","	2024-07-16 19:45:48	",0,0,1,0
180210,,,,,,,,,,,,,,,,50000000,,,,,101.783,,,,,3.55,,,,,,,XBOND,T1,"	2024-07-16 19:45:49	","	2024-07-16 19:45:48	",0,1,0,0
220210,170000000,1000000000,1000000000,1000000000,1000000000,101.3333,101.4444,101.5555,101.9879,101.9898,2.7888,2.773,2.7572,2.6959,2.6957,860000000,100000000,1000000000,1000000000,1000000000,99.8888,99.8616,99.7897,99.5555,99.4444,2.9961,3.0,3.0104,3.0444,3.0605,,,XBOND,T1,"	2024-07-16 19:45:49	","	2024-07-16 19:45:48	",0,0,0,0
170010,,,,,,,,,,,,,,,,20000000,,,,,102.0,,,,,2.772,,,,,,,XBOND,T0,"	2024-07-16 19:45:49	","	2024-07-16 19:45:48	",0,1,0,0
200210,560000000,990000000,,,,99.7842,106.1359,,,,3.14,2.0,,,,930000000,990000000,,,,101.5248,99.4077,,,,2.82,3.21,,,,,,XBOND,T1,"	2024-07-16 19:45:49	","	2024-07-16 19:45:48	",1,0,0,0
140025,,,,,,,,,,,,,,,,10000000,,,,,122.0,,,,,2.8622,,,,,,,XBOND,T1,"	2024-07-16 19:45:49	","	2024-07-16 19:45:48	",0,1,0,0
210210,,,,,,,,,,,,,,,,1830000000,10000000,10000000,,,100.0,96.5006,95.0,,,3.4091,4.0,4.2615,,,,,XBOND,T1,"	2024-07-16 19:45:49	","	2024-07-16 19:45:48	",0,1,0,0
190210,,,,,,,,,,,,,,,,20000000,,,,,107.3527,,,,,2.055,,,,,,,XBOND,T0,"	2024-07-16 19:45:48	","	2024-07-16 19:45:48	",0,1,0,0
220220,200000000,300000000,,,,103.6876,104.0086,,,,2.275,2.233,,,,20000000,30000000,90000000,,,102.0,100.0,98.0,,,2.4984,2.769,3.0461,,,,,XBOND,T1,"	2024-07-16 19:45:48	","	2024-07-16 19:45:48	",0,0,0,0
180011,120000000,,,,,103.4866,,,,,2.7254,,,,,100000000,100000000,,,,103.4862,103.4681,,,,2.7255,2.7304,,,,,,XBOND,T1,"	2024-07-16 19:45:39	","	2024-07-16 19:45:39	",0,0,0,0
180011,120000000,,,,,103.4866,,,,,2.7254,,,,,100000000,,,,,103.4681,,,,,2.7304,,,,,,,XBOND,T1,"	2024-07-16 19:45:35	","	2024-07-16 19:45:35	",0,0,0,0
170010,10000000,,,,,103.7737,,,,,2.1233,,,,,10000000,,,,,103.5196,,,,,2.2153,,,,,,,XBOND,T1,"	2024-07-16 19:44:51	","	2024-07-16 19:44:50	",0,0,0,0
180011,120000000,,,,,103.4866,,,,,2.7254,,,,,100000000,100000000,,,,103.4773,103.4681,,,,2.7279,2.7304,,,,,,XBOND,T1,"	2024-07-16 19:44:50	","	2024-07-16 19:44:49	",0,0,0,0
220210,170000000,1000000000,1000000000,1000000000,1000000000,101.3333,101.4444,101.5555,101.9879,101.9898,2.7888,2.773,2.7572,2.6959,2.6957,10000000,10000000,20000000,10000000,20000000,101.0,100.8,100.1,100.0,99.9,2.8363,2.8649,2.9656,2.98,2.9944,,,XBOND,T1,"	2024-07-16 19:44:47	","	2024-07-16 19:44:46	",0,0,0,0
220210,10000000,170000000,1000000000,1000000000,1000000000,100.0,101.3333,101.4444,101.5555,101.9879,2.98,2.7888,2.773,2.7572,2.6959,20000000,10000000,20000000,10000000,20000000,101.0,100.8,100.1,100.0,99.9,2.8363,2.8649,2.9656,2.98,2.9944,,,XBOND,T1,"	2024-07-16 19:44:46	","	2024-07-16 19:44:45	",1,0,0,0
170010,10000000,,,,,102.1441,,,,,2.7182,,,,,10000000,,,,,101.2553,,,,,3.0475,,,,,,,XBOND,T1,"	2024-07-16 19:44:40	","	2024-07-16 19:44:39	",0,0,0,0
180011,,,,,,,,,,,,,,,,,,,,,,,,,,,,,,,,,XBOND,T1,"	2024-07-16 19:44:38	","	2024-07-16 19:44:38	",0,0,1,0
220210,170000000,1000000000,1000000000,1000000000,1000000000,101.3333,101.4444,101.5555,101.9879,101.9898,2.7888,2.773,2.7572,2.6959,2.6957,20000000,10000000,20000000,10000000,20000000,101.0,100.8,100.1,100.0,99.9,2.8363,2.8649,2.9656,2.98,2.9944,,,XBOND,T1,"	2024-07-16 19:43:49	","	2024-07-16 19:43:49	",0,0,0,0
170010,10000000,,,,,103.7524,,,,,2.131,,,,,10000000,,,,,103.4923,,,,,2.2252,,,,,,,XBOND,T1,"	2024-07-16 19:43:01	","	2024-07-16 19:43:00	",0,0,0,0
180011,120000000,,,,,103.4585,,,,,2.733,,,,,100000000,100000000,,,,103.4412,103.4319,,,,2.7377,2.7402,,,,,,XBOND,T1,"	2024-07-16 19:43:00	","	2024-07-16 19:42:59	",0,0,0,0
170010,10000000,,,,,102.1441,,,,,2.7182,,,,,10000000,,,,,101.2553,,,,,3.0475,,,,,,,XBOND,T1,"	2024-07-16 19:42:34	","	2024-07-16 19:42:34	",0,0,0,0
180011,,,,,,,,,,,,,,,,,,,,,,,,,,,,,,,,,XBOND,T1,"	2024-07-16 19:42:33	","	2024-07-16 19:42:33	",0,0,1,0
180011,10000000,,,,,103.4585,,,,,2.733,,,,,100000000,10000000,,,,103.4412,103.4319,,,,2.7377,2.7402,,,,,,XBOND,T1,"	2024-07-16 19:42:24	","	2024-07-16 19:42:24	",0,0,0,0
220220,200000000,300000000,,,,103.6876,104.0086,,,,2.275,2.233,,,,20000000,30000000,90000000,,,102.0,100.0,98.0,,,2.4984,2.769,3.0461,,,,,XBOND,T1,"	2024-07-16 19:41:42	","	2024-07-16 19:41:41	",0,0,0,1
180210,,,,,,,,,,,,,,,,50000000,,,,,101.783,,,,,3.55,,,,,,,XBOND,T1,"	2024-07-16 19:40:36	","	2024-07-16 19:40:36	",0,1,0,0
170010,10000000,,,,,103.7524,,,,,2.131,,,,,10000000,,,,,103.4854,,,,,2.2277,,,,,,,XBOND,T1,"	2024-07-16 19:40:21	","	2024-07-16 19:40:21	",0,0,0,0
180011,10000000,,,,,103.4585,,,,,2.733,,,,,10000000,,,,,103.4319,,,,,2.7402,,,,,,,XBOND,T1,"	2024-07-16 19:40:20	","	2024-07-16 19:40:20	",0,0,0,0
220220,200000000,300000000,,,,103.6876,104.0086,,,,2.275,2.233,,,,30000000,90000000,,,,100.0,98.0,,,,2.769,3.0461,,,,,,XBOND,T1,"	2024-07-16 19:40:18	","	2024-07-16 19:40:18	",0,0,0,1
170010,10000000,,,,,102.1441,,,,,2.7182,,,,,10000000,,,,,101.2553,,,,,3.0475,,,,,,,XBOND,T1,"	2024-07-16 19:40:10	","	2024-07-16 19:40:10	",0,0,0,0
180011,,,,,,,,,,,,,,,,,,,,,,,,,,,,,,,,,XBOND,T1,"	2024-07-16 19:40:09	","	2024-07-16 19:40:09	",0,0,1,0
180210,30000000,,,,,103.0046,,,,,3.2211,,,,,50000000,,,,,101.783,,,,,3.55,,,,,,,XBOND,T1,"	2024-07-16 19:39:17	","	2024-07-16 19:39:17	",0,0,0,0
220220,200000000,300000000,,,,103.6876,104.0086,,,,2.275,2.233,,,,90000000,,,,,98.0,,,,,3.0461,,,,,,,XBOND,T1,"	2024-07-16 19:39:15	","	2024-07-16 19:39:15	",0,0,0,1
220220,200000000,300000000,,,,103.6876,104.0086,,,,2.275,2.233,,,,,,,,,,,,,,,,,,,,,XBOND,T1,"	2024-07-16 19:38:57	","	2024-07-16 19:38:57	",0,1,0,0
170010,10000000,,,,,103.7524,,,,,2.131,,,,,10000000,,,,,103.4854,,,,,2.2277,,,,,,,XBOND,T1,"	2024-07-16 19:38:56	","	2024-07-16 19:38:56	",0,0,0,0
180011,120000000,,,,,103.4585,,,,,2.733,,,,,100000000,,,,,103.4319,,,,,2.7402,,,,,,,XBOND,T1,"	2024-07-16 19:38:55	","	2024-07-16 19:38:55	",0,0,0,0
180210,,,,,,,,,,,,,,,,10000000,50000000,,,,103.1211,101.783,,,,3.19,3.55,,,,,,XBOND,T1,"	2024-07-16 19:38:49	","	2024-07-16 19:38:49	",0,1,0,0
180210,30000000,,,,,103.4171,,,,,3.1112,,,,,10000000,50000000,,,,103.1211,101.783,,,,3.19,3.55,,,,,,XBOND,T1,"	2024-07-16 19:38:16	","	2024-07-16 19:38:16	",0,0,0,0
170010,10000000,,,,,102.1441,,,,,2.7182,,,,,10000000,,,,,101.2553,,,,,3.0475,,,,,,,XBOND,T1,"	2024-07-16 19:36:41	","	2024-07-16 19:36:41	",0,0,0,0
180011,,,,,,,,,,,,,,,,,,,,,,,,,,,,,,,,,XBOND,T1,"	2024-07-16 19:36:40	","	2024-07-16 19:36:40	",0,0,1,0
170010,10000000,,,,,103.7524,,,,,2.131,,,,,10000000,,,,,103.4854,,,,,2.2277,,,,,,,XBOND,T1,"	2024-07-16 19:36:40	","	2024-07-16 19:36:40	",0,0,0,0
180011,20000000,,,,,103.4585,,,,,2.733,,,,,20000000,,,,,103.4319,,,,,2.7402,,,,,,,XBOND,T1,"	2024-07-16 19:36:39	","	2024-07-16 19:36:39	",0,0,0,0
170010,10000000,,,,,102.1441,,,,,2.7182,,,,,10000000,,,,,101.2553,,,,,3.0475,,,,,,,XBOND,T1,"	2024-07-16 19:35:20	","	2024-07-16 19:35:20	",0,0,0,0
170010,10000000,,,,,103.7524,,,,,2.131,,,,,10000000,,,,,103.4854,,,,,2.2277,,,,,,,XBOND,T1,"	2024-07-16 19:35:19	","	2024-07-16 19:35:19	",0,0,0,0
180011,,,,,,,,,,,,,,,,,,,,,,,,,,,,,,,,,XBOND,T1,"	2024-07-16 19:35:19	","	2024-07-16 19:35:19	",0,0,1,0
180011,20000000,,,,,103.4585,,,,,2.733,,,,,20000000,,,,,103.4319,,,,,2.7402,,,,,,,XBOND,T1,"	2024-07-16 19:35:18	","	2024-07-16 19:35:18	",0,0,0,0
170010,10000000,,,,,102.1441,,,,,2.7182,,,,,10000000,,,,,101.2553,,,,,3.0475,,,,,,,XBOND,T1,"	2024-07-16 19:34:59	","	2024-07-16 19:34:59	",0,0,0,0
180011,,,,,,,,,,,,,,,,,,,,,,,,,,,,,,,,,XBOND,T1,"	2024-07-16 19:34:58	","	2024-07-16 19:34:58	",0,0,1,0
170010,10000000,,,,,103.7524,,,,,2.131,,,,,10000000,,,,,103.4854,,,,,2.2277,,,,,,,XBOND,T1,"	2024-07-16 19:34:58	","	2024-07-16 19:34:58	",0,0,0,0
180011,50000000,,,,,103.4585,,,,,2.733,,,,,50000000,,,,,103.4319,,,,,2.7402,,,,,,,XBOND,T1,"	2024-07-16 19:34:57	","	2024-07-16 19:34:57	",0,0,0,0
180210,,,,,,,,,,,,,,,,10000000,50000000,,,,103.1211,101.783,,,,3.19,3.55,,,,,,XBOND,T1,"	2024-07-16 19:34:48	","	2024-07-16 19:34:47	",0,1,0,0
170010,10000000,,,,,102.1441,,,,,2.7182,,,,,10000000,,,,,101.2553,,,,,3.0475,,,,,,,XBOND,T1,"	2024-07-16 19:34:39	","	2024-07-16 19:34:38	",0,0,0,0
170010,,,,,,,,,,,,,,,,10000000,,,,,101.2553,,,,,3.0475,,,,,,,XBOND,T1,"	2024-07-16 19:34:38	","	2024-07-16 19:34:37	",0,1,0,0
180011,,,,,,,,,,,,,,,,,,,,,,,,,,,,,,,,,XBOND,T1,"	2024-07-16 19:34:37	","	2024-07-16 19:34:36	",0,0,1,0
170010,10000000,,,,,102.1441,,,,,2.7182,,,,,10000000,,,,,103.4854,,,,,2.2277,,,,,,,XBOND,T1,"	2024-07-16 19:34:37	","	2024-07-16 19:34:36	",1,0,0,0
180011,50000000,,,,,103.4585,,,,,2.733,,,,,50000000,,,,,103.4319,,,,,2.7402,,,,,,,XBOND,T1,"	2024-07-16 19:34:36	","	2024-07-16 19:34:35	",0,0,0,0
180210,30000000,,,,,103.4175,,,,,3.1111,,,,,10000000,50000000,,,,103.1211,101.783,,,,3.19,3.55,,,,,,XBOND,T1,"	2024-07-16 19:34:33	","	2024-07-16 19:34:32	",0,0,0,0
180210,,,,,,,,,,,,,,,,10000000,50000000,,,,103.1211,101.783,,,,3.19,3.55,,,,,,XBOND,T1,"	2024-07-16 19:33:57	","	2024-07-16 19:33:57	",0,1,0,0
180011,,,,,,,,,,,,,,,,,,,,,,,,,,,,,,,,,XBOND,T1,"	2024-07-16 19:33:37	","	2024-07-16 19:33:37	",0,0,1,0
180011,30000000,,,,,101.6793,,,,,3.22,,,,,,,,,,,,,,,,,,,,,,XBOND,T1,"	2024-07-16 19:31:49	","	2024-07-16 19:31:49	",0,1,0,0
170010,10000000,,,,,102.1441,,,,,2.7182,,,,,10000000,,,,,101.2553,,,,,3.0475,,,,,,,XBOND,T1,"	2024-07-16 19:30:09	","	2024-07-16 19:30:09	",0,0,0,0
180011,,,,,,,,,,,,,,,,,,,,,,,,,,,,,,,,,XBOND,T1,"	2024-07-16 19:30:08	","	2024-07-16 19:30:08	",0,0,1,0
170010,10000000,,,,,103.7524,,,,,2.131,,,,,10000000,,,,,103.4854,,,,,2.2277,,,,,,,XBOND,T1,"	2024-07-16 19:30:08	","	2024-07-16 19:30:08	",0,0,0,0
180011,120000000,,,,,103.4585,,,,,2.733,,,,,100000000,,,,,103.4319,,,,,2.7402,,,,,,,XBOND,T1,"	2024-07-16 19:30:07	","	2024-07-16 19:30:07	",0,0,0,0
170010,10000000,,,,,102.1441,,,,,2.7182,,,,,10000000,,,,,101.2553,,,,,3.0475,,,,,,,XBOND,T1,"	2024-07-16 19:29:20	","	2024-07-16 19:29:19	",0,0,0,0
170010,10000000,,,,,103.7742,,,,,2.1231,,,,,10000000,,,,,103.5133,,,,,2.2176,,,,,,,XBOND,T1,"	2024-07-16 19:29:19	","	2024-07-16 19:29:18	",0,0,0,0
180011,,,,,,,,,,,,,,,,,,,,,,,,,,,,,,,,,XBOND,T1,"	2024-07-16 19:29:19	","	2024-07-16 19:29:18	",0,0,1,0
180011,120000000,,,,,103.4873,,,,,2.7252,,,,,50000000,,,,,103.4688,,,,,2.7302,,,,,,,XBOND,T1,"	2024-07-16 19:29:18	","	2024-07-16 19:29:17	",0,0,0,0
220210,170000000,1000000000,1000000000,1000000000,1000000000,101.3333,101.4444,101.5555,101.9879,101.9898,2.7888,2.773,2.7572,2.6959,2.6957,20000000,10000000,20000000,20000000,860000000,101.0,100.8,100.1,99.9,99.8888,2.8363,2.8649,2.9656,2.9944,2.9961,,,XBOND,T1,"	2024-07-16 19:27:37	","	2024-07-16 19:27:36	",0,0,0,0
220210,170000000,1000000000,1000000000,1000000000,1000000000,101.3333,101.4444,101.5555,101.9879,101.9898,2.7888,2.773,2.7572,2.6959,2.6957,20000000,10000000,30000000,20000000,20000000,101.0,100.8,100.5,100.1,99.9,2.8363,2.8649,2.908,2.9656,2.9944,,,XBOND,T1,"	2024-07-16 19:27:31	","	2024-07-16 19:27:30	",0,0,0,0
180011,50000000,,,,,100.5655,,,,,3.53,,,,,,,,,,,,,,,,,,,,,,XBOND,T1,"	2024-07-16 19:27:19	","	2024-07-16 19:27:18	",0,1,0,0
220210,170000000,1000000000,1000000000,1000000000,1000000000,101.3333,101.4444,101.5555,101.9879,101.9898,2.7888,2.773,2.7572,2.6959,2.6957,20000000,10000000,10000000,20000000,20000000,101.0,100.8,100.5,100.1,99.9,2.8363,2.8649,2.908,2.9656,2.9944,,,XBOND,T1,"	2024-07-16 19:27:03	","	2024-07-16 19:27:03	",0,0,0,0
180011,50000000,30000000,,,,100.5655,103.9507,,,,3.53,2.6,,,,,,,,,,,,,,,,,,,,,XBOND,T1,"	2024-07-16 19:27:02	","	2024-07-16 19:27:02	",0,1,0,0
220210,170000000,1000000000,1000000000,1000000000,1000000000,101.3333,101.4444,101.5555,101.9879,101.9898,2.7888,2.773,2.7572,2.6959,2.6957,20000000,10000000,20000000,20000000,860000000,101.0,100.8,100.1,99.9,99.8888,2.8363,2.8649,2.9656,2.9944,2.9961,,,XBOND,T1,"	2024-07-16 19:26:55	","	2024-07-16 19:26:55	",0,0,0,0
220210,170000000,1000000000,1000000000,1000000000,1000000000,101.3333,101.4444,101.5555,101.9879,101.9898,2.7888,2.773,2.7572,2.6959,2.6957,20000000,10000000,20000000,30000000,20000000,101.0,100.8,100.1,100.0,99.9,2.8363,2.8649,2.9656,2.98,2.9944,,,XBOND,T1,"	2024-07-16 19:26:39	","	2024-07-16 19:26:39	",0,0,0,0
180011,50000000,,,,,100.5655,,,,,3.53,,,,,,,,,,,,,,,,,,,,,,XBOND,T1,"	2024-07-16 19:26:21	","	2024-07-16 19:26:21	",0,1,0,0
180011,50000000,10000000,,,,100.5655,104.3226,,,,3.53,2.5,,,,,,,,,,,,,,,,,,,,,XBOND,T1,"	2024-07-16 19:26:13	","	2024-07-16 19:26:13	",0,1,0,0
220210,170000000,1000000000,1000000000,1000000000,1000000000,101.3333,101.4444,101.5555,101.9879,101.9898,2.7888,2.773,2.7572,2.6959,2.6957,20000000,10000000,20000000,20000000,860000000,101.0,100.8,100.1,99.9,99.8888,2.8363,2.8649,2.9656,2.9944,2.9961,,,XBOND,T1,"	2024-07-16 19:26:10	","	2024-07-16 19:26:10	",0,0,0,0
190210,,,,,,,,,,,,,,,,10000000,10000000,20000000,20000000,,102.7,102.6,102.43,102.4,,3.0498,3.0717,3.109,3.1156,,,,XBOND,T1,"	2024-07-16 19:26:01	","	2024-07-16 19:26:00	",0,1,0,0
190210,,,,,,,,,,,,,,,,10000000,10000000,20000000,20000000,,102.7,102.6,102.43,102.4,,3.0498,3.0717,3.109,3.1156,,,,XBOND,T1,"	2024-07-16 19:25:51	","	2024-07-16 19:25:50	",0,1,0,0
220210,170000000,1000000000,1000000000,1000000000,1000000000,101.3333,101.4444,101.5555,101.9879,101.9898,2.7888,2.773,2.7572,2.6959,2.6957,20000000,20000000,20000000,860000000,100000000,101.0,100.1,99.9,99.8888,99.8616,2.8363,2.9656,2.9944,2.9961,3.0,,,XBOND,T1,"	2024-07-16 19:25:20	","	2024-07-16 19:25:20	",0,0,0,0
190210,,,,,,,,,,,,,,,,10000000,20000000,20000000,,,102.7,102.43,102.4,,,3.0498,3.109,3.1156,,,,,XBOND,T1,"	2024-07-16 19:25:04	","	2024-07-16 19:25:04	",0,1,0,0
190210,,,,,,,,,,,,,,,,10000000,20000000,,,,102.7,102.43,,,,3.0498,3.109,,,,,,XBOND,T1,"	2024-07-16 19:24:54	","	2024-07-16 19:24:54	",0,1,0,0
220210,170000000,1000000000,1000000000,1000000000,1000000000,101.3333,101.4444,101.5555,101.9879,101.9898,2.7888,2.773,2.7572,2.6959,2.6957,20000000,20000000,20000000,860000000,100000000,101.0,100.1,99.9,99.8888,99.8616,2.8363,2.9656,2.9944,2.9961,3.0,,,XBOND,T1,"	2024-07-16 19:24:52	","	2024-07-16 19:24:52	",0,0,0,0
220210,170000000,1000000000,1000000000,1000000000,1000000000,101.3333,101.4444,101.5555,101.9879,101.9898,2.7888,2.773,2.7572,2.6959,2.6957,20000000,20000000,20000000,860000000,100000000,101.0,100.1,99.9,99.8888,99.8616,2.8363,2.9656,2.9944,2.9961,3.0,,,XBOND,T1,"	2024-07-16 19:24:31	","	2024-07-16 19:24:31	",0,0,0,0
210210,,,,,,,,,,,,,,,,1830000000,10000000,10000000,,,100.0,96.5006,95.0,,,3.4091,4.0,4.2615,,,,,XBOND,T1,"	2024-07-16 19:24:26	","	2024-07-16 19:24:26	",0,1,0,0
220210,170000000,1000000000,1000000000,1000000000,1000000000,101.3333,101.4444,101.5555,101.9879,101.9898,2.7888,2.773,2.7572,2.6959,2.6957,20000000,20000000,860000000,100000000,10000000,101.0,99.9,99.8888,99.8616,99.8,2.8363,2.9944,2.9961,3.0,3.0089,,,XBOND,T1,"	2024-07-16 19:24:02	","	2024-07-16 19:24:01	",0,0,0,0
190210,,,,,,,,,,,,,,,,10000000,20000000,,,,102.7,102.43,,,,3.0498,3.109,,,,,,XBOND,T1,"	2024-07-16 19:23:56	","	2024-07-16 19:23:55	",0,1,0,0
190210,,,,,,,,,,,,,,,,10000000,20000000,,,,102.7,102.43,,,,3.0498,3.109,,,,,,XBOND,T1,"	2024-07-16 19:23:46	","	2024-07-16 19:23:45	",0,1,0,0
190210,,,,,,,,,,,,,,,,10000000,20000000,,,,102.7,102.43,,,,3.0498,3.109,,,,,,XBOND,T1,"	2024-07-16 19:23:37	","	2024-07-16 19:23:37	",0,1,0,0
220210,170000000,1000000000,1000000000,1000000000,1000000000,101.3333,101.4444,101.5555,101.9879,101.9898,2.7888,2.773,2.7572,2.6959,2.6957,20000000,20000000,20000000,860000000,100000000,101.0,100.3,99.9,99.8888,99.8616,2.8363,2.9367,2.9944,2.9961,3.0,,,XBOND,T1,"	2024-07-16 19:23:33	","	2024-07-16 19:23:33	",0,0,0,0
220210,170000000,1000000000,1000000000,1000000000,1000000000,101.3333,101.4444,101.5555,101.9879,101.9898,2.7888,2.773,2.7572,2.6959,2.6957,20000000,20000000,20000000,860000000,100000000,101.0,100.3,99.9,99.8888,99.8616,2.8363,2.9367,2.9944,2.9961,3.0,,,XBOND,T1,"	2024-07-16 19:23:30	","	2024-07-16 19:23:30	",0,0,0,0
190210,,,,,,,,,,,,,,,,10000000,20000000,,,,102.7,102.43,,,,3.0498,3.109,,,,,,XBOND,T1,"	2024-07-16 19:23:28	","	2024-07-16 19:23:28	",0,1,0,0
190210,,,,,,,,,,,,,,,,10000000,20000000,,,,102.7,102.43,,,,3.0498,3.109,,,,,,XBOND,T1,"	2024-07-16 19:23:14	","	2024-07-16 19:23:14	",0,1,0,0
220210,170000000,1000000000,1000000000,1000000000,1000000000,101.3333,101.4444,101.5555,101.9879,101.9898,2.7888,2.773,2.7572,2.6959,2.6957,20000000,20000000,860000000,100000000,20000000,101.0,99.9,99.8888,99.8616,99.8,2.8363,2.9944,2.9961,3.0,3.0089,,,XBOND,T1,"	2024-07-16 19:23:06	","	2024-07-16 19:23:06	",0,0,0,0
190210,,,,,,,,,,,,,,,,10000000,20000000,,,,102.7,102.43,,,,3.0498,3.109,,,,,,XBOND,T1,"	2024-07-16 19:23:00	","	2024-07-16 19:23:00	",0,1,0,0
190210,,,,,,,,,,,,,,,,10000000,20000000,,,,102.7,102.43,,,,3.0498,3.109,,,,,,XBOND,T1,"	2024-07-16 19:22:52	","	2024-07-16 19:22:52	",0,1,0,0
220210,170000000,1000000000,1000000000,1000000000,1000000000,101.3333,101.4444,101.5555,101.9879,101.9898,2.7888,2.773,2.7572,2.6959,2.6957,20000000,20000000,860000000,100000000,1000000000,101.0,99.9,99.8888,99.8616,99.7897,2.8363,2.9944,2.9961,3.0,3.0104,,,XBOND,T1,"	2024-07-16 19:22:47	","	2024-07-16 19:22:47	",0,0,0,0
190210,,,,,,,,,,,,,,,,20000000,,,,,102.43,,,,,3.109,,,,,,,XBOND,T1,"	2024-07-16 19:22:40	","	2024-07-16 19:22:40	",0,1,0,0
220210,170000000,1000000000,1000000000,1000000000,1000000000,101.3333,101.4444,101.5555,101.9879,101.9898,2.7888,2.773,2.7572,2.6959,2.6957,20000000,10000000,20000000,860000000,100000000,101.0,100.5,99.9,99.8888,99.8616,2.8363,2.908,2.9944,2.9961,3.0,,,XBOND,T1,"	2024-07-16 19:22:03	","	2024-07-16 19:22:02	",0,0,0,0
190210,,,,,,,,,,,,,,,,20000000,,,,,102.43,,,,,3.109,,,,,,,XBOND,T1,"	2024-07-16 19:21:58	","	2024-07-16 19:21:57	",0,1,0,0
220210,170000000,1000000000,1000000000,1000000000,1000000000,101.3333,101.4444,101.5555,101.9879,101.9898,2.7888,2.773,2.7572,2.6959,2.6957,20000000,20000000,860000000,100000000,1000000000,101.0,99.9,99.8888,99.8616,99.7897,2.8363,2.9944,2.9961,3.0,3.0104,,,XBOND,T1,"	2024-07-16 19:21:19	","	2024-07-16 19:21:19	",0,0,0,0
220210,170000000,1000000000,1000000000,1000000000,1000000000,101.3333,101.4444,101.5555,101.9879,101.9898,2.7888,2.773,2.7572,2.6959,2.6957,20000000,30000000,20000000,860000000,100000000,101.0,100.6,99.9,99.8888,99.8616,2.8363,2.8936,2.9944,2.9961,3.0,,,XBOND,T1,"	2024-07-16 19:20:37	","	2024-07-16 19:20:36	",0,0,0,0
190210,,,,,,,,,,,,,,,,20000000,,,,,102.43,,,,,3.109,,,,,,,XBOND,T1,"	2024-07-16 19:20:20	","	2024-07-16 19:20:19	",0,1,0,0
190210,,,,,,,,,,,,,,,,20000000,,,,,102.43,,,,,3.109,,,,,,,XBOND,T1,"	2024-07-16 19:20:06	","	2024-07-16 19:20:06	",0,1,0,0
190210,,,,,,,,,,,,,,,,20000000,,,,,102.43,,,,,3.109,,,,,,,XBOND,T1,"	2024-07-16 19:19:53	","	2024-07-16 19:19:53	",0,1,0,0
190210,,,,,,,,,,,,,,,,20000000,,,,,102.43,,,,,3.109,,,,,,,XBOND,T1,"	2024-07-16 19:18:27	","	2024-07-16 19:18:26	",0,1,0,0
220210,170000000,1000000000,1000000000,1000000000,1000000000,101.3333,101.4444,101.5555,101.9879,101.9898,2.7888,2.773,2.7572,2.6959,2.6957,20000000,20000000,860000000,100000000,1000000000,101.0,99.9,99.8888,99.8616,99.7897,2.8363,2.9944,2.9961,3.0,3.0104,,,XBOND,T1,"	2024-07-16 19:18:22	","	2024-07-16 19:18:22	",0,0,0,0
190210,,,,,,,,,,,,,,,,20000000,20000000,,,,102.43,102.3,,,,3.109,3.1376,,,,,,XBOND,T1,"	2024-07-16 19:18:19	","	2024-07-16 19:18:19	",0,1,0,0
220210,170000000,1000000000,1000000000,1000000000,1000000000,101.3333,101.4444,101.5555,101.9879,101.9898,2.7888,2.773,2.7572,2.6959,2.6957,20000000,20000000,20000000,860000000,100000000,101.0,100.3,99.9,99.8888,99.8616,2.8363,2.9367,2.9944,2.9961,3.0,,,XBOND,T1,"	2024-07-16 19:18:15	","	2024-07-16 19:18:15	",0,0,0,0
190210,,,,,,,,,,,,,,,,20000000,10000000,,,,102.43,102.3,,,,3.109,3.1376,,,,,,XBOND,T1,"	2024-07-16 19:17:54	","	2024-07-16 19:17:54	",0,1,0,0
220210,170000000,1000000000,1000000000,1000000000,1000000000,101.3333,101.4444,101.5555,101.9879,101.9898,2.7888,2.773,2.7572,2.6959,2.6957,20000000,10000000,20000000,860000000,100000000,101.0,100.3,99.9,99.8888,99.8616,2.8363,2.9367,2.9944,2.9961,3.0,,,XBOND,T1,"	2024-07-16 19:17:49	","	2024-07-16 19:17:49	",0,0,0,0
190210,,,,,,,,,,,,,,,,20000000,,,,,102.43,,,,,3.109,,,,,,,XBOND,T1,"	2024-07-16 19:17:45	","	2024-07-16 19:17:45	",0,1,0,0
190210,,,,,,,,,,,,,,,,20000000,,,,,102.43,,,,,3.109,,,,,,,XBOND,T1,"	2024-07-16 19:17:16	","	2024-07-16 19:17:15	",0,1,0,0
220210,170000000,1000000000,1000000000,1000000000,1000000000,101.3333,101.4444,101.5555,101.9879,101.9898,2.7888,2.773,2.7572,2.6959,2.6957,20000000,20000000,860000000,100000000,1000000000,101.0,99.9,99.8888,99.8616,99.7897,2.8363,2.9944,2.9961,3.0,3.0104,,,XBOND,T1,"	2024-07-16 19:17:15	","	2024-07-16 19:17:14	",0,0,0,0
190210,,,,,,,,,,,,,,,,20000000,,,,,102.43,,,,,3.109,,,,,,,XBOND,T1,"	2024-07-16 19:17:07	","	2024-07-16 19:17:06	",0,1,0,0
220210,170000000,1000000000,1000000000,1000000000,1000000000,101.3333,101.4444,101.5555,101.9879,101.9898,2.7888,2.773,2.7572,2.6959,2.6957,20000000,860000000,100000000,1000000000,10000000,101.0,99.8888,99.8616,99.7897,99.7,2.8363,2.9961,3.0,3.0104,3.0234,,,XBOND,T1,"	2024-07-16 19:17:07	","	2024-07-16 19:17:06	",0,0,0,0
220210,170000000,1000000000,1000000000,1000000000,1000000000,101.3333,101.4444,101.5555,101.9879,101.9898,2.7888,2.773,2.7572,2.6959,2.6957,20000000,860000000,100000000,1000000000,20000000,101.0,99.8888,99.8616,99.7897,99.6,2.8363,2.9961,3.0,3.0104,3.0379,,,XBOND,T1,"	2024-07-16 19:16:27	","	2024-07-16 19:16:27	",0,0,0,0
190210,,,,,,,,,,,,,,,,20000000,,,,,102.43,,,,,3.109,,,,,,,XBOND,T1,"	2024-07-16 19:16:08	","	2024-07-16 19:16:08	",0,1,0,0
220210,170000000,1000000000,1000000000,1000000000,1000000000,101.3333,101.4444,101.5555,101.9879,101.9898,2.7888,2.773,2.7572,2.6959,2.6957,20000000,860000000,100000000,1000000000,20000000,100.9,99.8888,99.8616,99.7897,99.6,2.8506,2.9961,3.0,3.0104,3.0379,,,XBOND,T1,"	2024-07-16 19:16:00	","	2024-07-16 19:16:00	",0,0,0,0
190210,,,,,,,,,,,,,,,,20000000,,,,,102.43,,,,,3.109,,,,,,,XBOND,T1,"	2024-07-16 19:15:42	","	2024-07-16 19:15:42	",0,1,0,0
220210,170000000,1000000000,1000000000,1000000000,1000000000,101.3333,101.4444,101.5555,101.9879,101.9898,2.7888,2.773,2.7572,2.6959,2.6957,860000000,100000000,1000000000,20000000,1000000000,99.8888,99.8616,99.7897,99.6,99.5555,2.9961,3.0,3.0104,3.0379,3.0444,,,XBOND,T1,"	2024-07-16 19:15:38	","	2024-07-16 19:15:38	",0,0,0,0
170010,10000000,,,,,101.5805,,,,,2.9266,,,,,10000000,,,,,101.2553,,,,,3.0475,,,,,,,XBOND,T1,"	2024-07-16 19:14:38	","	2024-07-16 19:14:38	",0,0,0,0
180011,50000000,,,,,100.5655,,,,,3.53,,,,,,,,,,,,,,,,,,,,,,XBOND,T1,"	2024-07-16 19:14:37	","	2024-07-16 19:14:37	",0,1,0,0
170010,,,,,,,,,,,,,,,,,,,,,,,,,,,,,,,,,XBOND,T1,"	2024-07-16 19:14:31	","	2024-07-16 19:14:31	",0,0,1,0
180011,10000000,50000000,,,,98.9041,100.5655,,,,4.0,3.53,,,,,,,,,,,,,,,,,,,,,XBOND,T1,"	2024-07-16 19:14:30	","	2024-07-16 19:14:30	",0,1,0,0
210215,1010000000,,,,,98.862,,,,,3.3,,,,,60000000,980000000,,,,98.675,98.2401,,,,3.33,3.4,,,,,,XBOND,T1,"	2024-07-16 19:14:18	","	2024-07-16 19:14:18	",0,0,0,0
180210,,,,,,,,,,,,,,,,10000000,20000000,50000000,,,103.1211,103.1163,101.783,,,3.19,3.1913,3.55,,,,,XBOND,T1,"	2024-07-16 19:13:02	","	2024-07-16 19:13:02	",0,1,0,0
190210,,,,,,,,,,,,,,,,20000000,,,,,102.43,,,,,3.109,,,,,,,XBOND,T1,"	2024-07-16 19:12:11	","	2024-07-16 19:12:11	",0,1,0,0
220210,170000000,1000000000,1000000000,1000000000,1000000000,101.3333,101.4444,101.5555,101.9879,101.9898,2.7888,2.773,2.7572,2.6959,2.6957,860000000,100000000,1000000000,1000000000,1000000000,99.8888,99.8616,99.7897,99.5555,99.4444,2.9961,3.0,3.0104,3.0444,3.0605,,,XBOND,T1,"	2024-07-16 19:10:20	","	2024-07-16 19:10:20	",0,0,0,0
170010,10000000,,,,,101.5805,,,,,2.9266,,,,,10000000,,,,,101.2553,,,,,3.0475,,,,,,,XBOND,T1,"	2024-07-16 19:07:49	","	2024-07-16 19:07:49	",0,0,0,0
170010,10000000,,,,,101.5805,,,,,2.9266,,,,,10000000,,,,,101.3619,,,,,3.0078,,,,,,,XBOND,T1,"	2024-07-16 19:07:48	","	2024-07-16 19:07:48	",0,0,0,0
180011,50000000,,,,,100.5655,,,,,3.53,,,,,,,,,,,,,,,,,,,,,,XBOND,T1,"	2024-07-16 19:07:48	","	2024-07-16 19:07:48	",0,1,0,0
180011,100000000,,,,,100.5655,,,,,3.53,,,,,20000000,,,,,100.6012,,,,,3.52,,,,,,,XBOND,T1,"	2024-07-16 19:07:47	","	2024-07-16 19:07:47	",1,0,0,0
180011,,,,,,,,,,,,,,,,20000000,,,,,100.6012,,,,,3.52,,,,,,,XBOND,T1,"	2024-07-16 19:07:09	","	2024-07-16 19:07:09	",0,1,0,0
180011,,,,,,,,,,,,,,,,20000000,70000000,,,,100.6012,100.5834,,,,3.52,3.525,,,,,,XBOND,T1,"	2024-07-16 19:07:08	","	2024-07-16 19:07:08	",0,1,0,0
180011,,,,,,,,,,,,,,,,20000000,100000000,,,,100.6012,100.5834,,,,3.52,3.525,,,,,,XBOND,T1,"	2024-07-16 19:06:47	","	2024-07-16 19:06:47	",0,1,0,0
170010,10000000,,,,,102.1441,,,,,2.7182,,,,,10000000,,,,,101.3619,,,,,3.0078,,,,,,,XBOND,T1,"	2024-07-16 19:06:47	","	2024-07-16 19:06:47	",0,0,0,0
180011,,,,,,,,,,,,,,,,20000000,,,,,100.6012,,,,,3.52,,,,,,,XBOND,T1,"	2024-07-16 19:06:46	","	2024-07-16 19:06:46	",0,1,0,0
170010,10000000,,,,,102.1441,,,,,2.7182,,,,,10000000,,,,,101.2553,,,,,3.0475,,,,,,,XBOND,T1,"	2024-07-16 19:06:27	","	2024-07-16 19:06:26	",0,0,0,0
180011,,,,,,,,,,,,,,,,,,,,,,,,,,,,,,,,,XBOND,T1,"	2024-07-16 19:06:26	","	2024-07-16 19:06:25	",0,0,1,0
180011,,,,,,,,,,,,,,,,100000000,,,,,101.7336,,,,,3.205,,,,,,,XBOND,T1,"	2024-07-16 19:06:25	","	2024-07-16 19:06:24	",0,1,0,0
180011,,,,,,,,,,,,,,,,470000000,100000000,,,,101.7517,101.7336,,,,3.2,3.205,,,,,,XBOND,T1,"	2024-07-16 19:06:05	","	2024-07-16 19:06:04	",0,1,0,0
180011,,,,,,,,,,,,,,,,470000000,100000000,20000000,,,101.7517,101.7336,100.6012,,,3.2,3.205,3.52,,,,,XBOND,T1,"	2024-07-16 19:05:02	","	2024-07-16 19:05:02	",0,1,0,0
180011,,,,,,,,,,,,,,,,500000000,100000000,20000000,,,101.7517,101.7336,100.6012,,,3.2,3.205,3.52,,,,,XBOND,T1,"	2024-07-16 19:04:42	","	2024-07-16 19:04:41	",0,1,0,0
180210,,,,,,,,,,,,,,,,10000000,50000000,,,,103.1211,101.783,,,,3.19,3.55,,,,,,XBOND,T1,"	2024-07-16 18:57:13	","	2024-07-16 18:57:12	",0,1,0,0
170010,,,,,,,,,,,,,,,,,,,,,,,,,,,,,,,,,XBOND,T1,"	2024-07-16 18:40:08	","	2024-07-16 18:40:07	",0,0,1,0
170010,10000000,,,,,103.8011,,,,,2.1134,,,,,10000000,,,,,103.5262,,,,,2.2129,,,,,,,XBOND,T1,"	2024-07-16 18:40:07	","	2024-07-16 18:40:06	",0,0,0,0
180011,,,,,,,,,,,,,,,,500000000,100000000,,,,101.7517,101.7336,,,,3.2,3.205,,,,,,XBOND,T1,"	2024-07-16 18:40:07	","	2024-07-16 18:40:06	",0,1,0,0
180011,120000000,,,,,103.5231,,,,,2.7155,,,,,100000000,500000000,,,,103.4862,101.7517,,,,2.7255,3.2,,,,,,XBOND,T1,"	2024-07-16 18:40:06	","	2024-07-16 18:40:05	",0,0,0,0
200210,560000000,990000000,,,,99.7842,106.1359,,,,3.14,2.0,,,,930000000,990000000,,,,101.5248,99.4077,,,,2.82,3.21,,,,,,XBOND,T1,"	2024-07-16 18:36:46	","	2024-07-16 18:36:46	",1,0,0,0
170010,,,,,,,,,,,,,,,,,,,,,,,,,,,,,,,,,XBOND,T1,"	2024-07-16 18:00:03	","	2024-07-16 18:00:02	",0,0,1,0
180011,,,,,,,,,,,,,,,,500000000,,,,,101.7517,,,,,3.2,,,,,,,XBOND,T1,"	2024-07-16 18:00:02	","	2024-07-16 18:00:01	",0,1,0,0
180011,120000000,,,,,103.2576,,,,,2.7875,,,,,500000000,,,,,101.7517,,,,,3.2,,,,,,,XBOND,T1,"	2024-07-16 18:00:01	","	2024-07-16 18:00:00	",0,0,0,0
210210,,,,,,,,,,,,,,,,1930000000,10000000,10000000,,,100.0,96.5006,95.0,,,3.4091,4.0,4.2615,,,,,XBOND,T1,"	2024-07-16 18:00:01	","	2024-07-16 18:00:00	",0,1,0,0
180210,,,,,,,,,,,,,,,,10000000,10000000,50000000,,,103.1211,103.1163,101.783,,,3.19,3.1913,3.55,,,,,XBOND,T1,"	2024-07-16 17:58:31	","	2024-07-16 17:58:30	",0,1,0,0
220210,180000000,1000000000,1000000000,1000000000,1000000000,101.3333,101.4444,101.5555,101.9879,101.9898,2.7888,2.773,2.7572,2.6959,2.6957,860000000,100000000,1000000000,1000000000,1000000000,99.8888,99.8616,99.7897,99.5555,99.4444,2.9961,3.0,3.0104,3.0444,3.0605,,,XBOND,T1,"	2024-07-16 17:58:31	","	2024-07-16 17:58:30	",0,0,0,0
210210,,,,,,,,,,,,,,,,1930000000,40000000,10000000,10000000,,100.0,99.9074,96.5006,95.0,,3.4091,3.4244,4.0,4.2615,,,,XBOND,T1,"	2024-07-16 17:58:31	","	2024-07-16 17:58:30	",0,1,0,0
200210,610000000,990000000,,,,99.7842,106.1359,,,,3.14,2.0,,,,930000000,990000000,,,,101.5248,99.4077,,,,2.82,3.21,,,,,,XBOND,T1,"	2024-07-16 17:58:31	","	2024-07-16 17:58:30	",1,0,0,0
180011,120000000,20000000,,,,103.2576,103.2852,,,,2.7875,2.78,,,,500000000,40000000,,,,101.7517,100.1382,,,,3.2,3.65,,,,,,XBOND,T1,"	2024-07-16 17:58:31	","	2024-07-16 17:58:30	",0,0,0,0
170010,,,,,,,,,,,,,,,,20000000,,,,,102.0,,,,,2.772,,,,,,,XBOND,T0,"	2024-07-16 17:58:31	","	2024-07-16 17:58:30	",0,1,0,0
160010,,,,,,,,,,,,,,,,50000000,,,,,101.051,,,,,2.3,,,,,,,XBOND,T1,"	2024-07-16 17:58:31	","	2024-07-16 17:58:30	",0,1,0,0
170010,10000000,,,,,103.6217,,,,,2.1783,,,,,10000000,,,,,102.2228,,,,,2.6892,,,,,,,XBOND,T1,"	2024-07-16 17:58:31	","	2024-07-16 17:58:30	",0,0,0,0
140025,,,,,,,,,,,,,,,,10000000,,,,,122.0,,,,,2.8622,,,,,,,XBOND,T1,"	2024-07-16 17:58:31	","	2024-07-16 17:58:30	",0,1,0,0
190210,,,,,,,,,,,,,,,,20000000,,,,,107.3527,,,,,2.055,,,,,,,XBOND,T0,"	2024-07-16 17:58:31	","	2024-07-16 17:58:30	",0,1,0,0
210215,1020000000,,,,,98.862,,,,,3.3,,,,,60000000,980000000,,,,98.675,98.2401,,,,3.33,3.4,,,,,,XBOND,T1,"	2024-07-16 17:58:31	","	2024-07-16 17:58:30	",0,0,0,0
220205,40000000,,,,,105.3212,,,,,2.221,,,,,20000000,,,,,105.2859,,,,,2.226,,,,,,,XBOND,T1,"	2024-07-16 17:58:31	","	2024-07-16 17:58:30	",0,0,0,0
050004,,,,,,,,,,,,,,,,160000000,,,,,92.5,,,,,13.9857,,,,,,,XBOND,T1,"	2024-07-16 17:58:31	","	2024-07-16 17:58:30	",0,1,0,0
210210,,,,,,,,,,,,,,,,1930000000,40000000,10000000,10000000,,100.0,99.9074,96.5006,95.0,,3.4091,3.4244,4.0,4.2615,,,,XBOND,T1,"	2024-07-16 17:53:09	","	2024-07-16 17:53:09	",0,1,0,0
210210,,,,,,,,,,,,,,,,1930000000,40000000,10000000,10000000,,100.0,99.9624,96.5006,95.0,,3.4091,3.4153,4.0,4.2615,,,,XBOND,T1,"	2024-07-16 17:53:08	","	2024-07-16 17:53:07	",0,1,0,0
210210,,,,,,,,,,,,,,,,10000000,1930000000,40000000,10000000,10000000,100.055,100.0,99.9624,96.5006,95.0,3.4,3.4091,3.4153,4.0,4.2615,,,XBOND,T1,"	2024-07-16 17:52:56	","	2024-07-16 17:52:55	",0,1,0,0
210210,,,,,,,,,,,,,,,,10000000,1930000000,10000000,10000000,,100.055,100.0,96.5006,95.0,,3.4,3.4091,4.0,4.2615,,,,XBOND,T1,"	2024-07-16 17:52:55	","	2024-07-16 17:52:54	",0,1,0,0
210210,,,,,,,,,,,,,,,,1930000000,10000000,10000000,,,100.0,96.5006,95.0,,,3.4091,4.0,4.2615,,,,,XBOND,T1,"	2024-07-16 17:51:32	","	2024-07-16 17:51:32	",0,1,0,0
210210,,,,,,,,,,,,,,,,20000000,1910000000,10000000,10000000,,100.1265,100.0,96.5006,95.0,,3.3882,3.4091,4.0,4.2615,,,,XBOND,T1,"	2024-07-16 17:51:31	","	2024-07-16 17:51:31	",0,1,0,0
210210,,,,,,,,,,,,,,,,60000000,1910000000,10000000,10000000,,100.1265,100.0,96.5006,95.0,,3.3882,3.4091,4.0,4.2615,,,,XBOND,T1,"	2024-07-16 17:51:30	","	2024-07-16 17:51:30	",0,1,0,0
210210,,,,,,,,,,,,,,,,20000000,40000000,1910000000,10000000,10000000,100.2193,100.1265,100.0,96.5006,95.0,3.3729,3.3882,3.4091,4.0,4.2615,,,XBOND,T1,"	2024-07-16 17:51:29	","	2024-07-16 17:51:29	",0,1,0,0
210210,,,,,,,,,,,,,,,,60000000,1910000000,10000000,10000000,,100.2193,100.0,96.5006,95.0,,3.3729,3.4091,4.0,4.2615,,,,XBOND,T1,"	2024-07-16 17:51:28	","	2024-07-16 17:51:28	",0,1,0,0
210210,,,,,,,,,,,,,,,,20000000,40000000,1910000000,10000000,10000000,100.3122,100.2193,100.0,96.5006,95.0,3.3576,3.3729,3.4091,4.0,4.2615,,,XBOND,T1,"	2024-07-16 17:51:27	","	2024-07-16 17:51:27	",0,1,0,0
210210,,,,,,,,,,,,,,,,60000000,1910000000,10000000,10000000,,100.3122,100.0,96.5006,95.0,,3.3576,3.4091,4.0,4.2615,,,,XBOND,T1,"	2024-07-16 17:51:26	","	2024-07-16 17:51:26	",0,1,0,0
210210,,,,,,,,,,,,,,,,20000000,40000000,1910000000,10000000,10000000,100.4051,100.3122,100.0,96.5006,95.0,3.3423,3.3576,3.4091,4.0,4.2615,,,XBOND,T1,"	2024-07-16 17:51:25	","	2024-07-16 17:51:25	",0,1,0,0
210210,,,,,,,,,,,,,,,,60000000,1910000000,10000000,10000000,,100.4051,100.0,96.5006,95.0,,3.3423,3.4091,4.0,4.2615,,,,XBOND,T1,"	2024-07-16 17:51:24	","	2024-07-16 17:51:24	",0,1,0,0
210210,,,,,,,,,,,,,,,,20000000,40000000,1910000000,10000000,10000000,100.4982,100.4051,100.0,96.5006,95.0,3.327,3.3423,3.4091,4.0,4.2615,,,XBOND,T1,"	2024-07-16 17:51:23	","	2024-07-16 17:51:22	",0,1,0,0
210210,,,,,,,,,,,,,,,,60000000,1910000000,10000000,10000000,,100.4982,100.0,96.5006,95.0,,3.327,3.4091,4.0,4.2615,,,,XBOND,T1,"	2024-07-16 17:51:22	","	2024-07-16 17:51:21	",0,1,0,0
210210,,,,,,,,,,,,,,,,20000000,40000000,1910000000,10000000,10000000,100.5915,100.4982,100.0,96.5006,95.0,3.3117,3.327,3.4091,4.0,4.2615,,,XBOND,T1,"	2024-07-16 17:51:21	","	2024-07-16 17:51:20	",0,1,0,0
210210,,,,,,,,,,,,,,,,60000000,1910000000,10000000,10000000,,100.5915,100.0,96.5006,95.0,,3.3117,3.4091,4.0,4.2615,,,,XBOND,T1,"	2024-07-16 17:51:20	","	2024-07-16 17:51:19	",0,1,0,0
210210,,,,,,,,,,,,,,,,20000000,40000000,1910000000,10000000,10000000,100.6848,100.5915,100.0,96.5006,95.0,3.2964,3.3117,3.4091,4.0,4.2615,,,XBOND,T1,"	2024-07-16 17:51:19	","	2024-07-16 17:51:18	",0,1,0,0
210210,,,,,,,,,,,,,,,,60000000,1910000000,10000000,10000000,,100.6848,100.0,96.5006,95.0,,3.2964,3.4091,4.0,4.2615,,,,XBOND,T1,"	2024-07-16 17:51:18	","	2024-07-16 17:51:17	",0,1,0,0
210210,,,,,,,,,,,,,,,,20000000,40000000,1910000000,10000000,10000000,100.7782,100.6848,100.0,96.5006,95.0,3.2811,3.2964,3.4091,4.0,4.2615,,,XBOND,T1,"	2024-07-16 17:51:17	","	2024-07-16 17:51:16	",0,1,0,0
210210,,,,,,,,,,,,,,,,60000000,1910000000,10000000,10000000,,100.7782,100.0,96.5006,95.0,,3.2811,3.4091,4.0,4.2615,,,,XBOND,T1,"	2024-07-16 17:51:16	","	2024-07-16 17:51:15	",0,1,0,0
210210,,,,,,,,,,,,,,,,20000000,40000000,1910000000,10000000,10000000,100.8717,100.7782,100.0,96.5006,95.0,3.2658,3.2811,3.4091,4.0,4.2615,,,XBOND,T1,"	2024-07-16 17:51:15	","	2024-07-16 17:51:14	",0,1,0,0
210210,,,,,,,,,,,,,,,,60000000,1910000000,10000000,10000000,,100.8717,100.0,96.5006,95.0,,3.2658,3.4091,4.0,4.2615,,,,XBOND,T1,"	2024-07-16 17:51:14	","	2024-07-16 17:51:13	",0,1,0,0
210210,,,,,,,,,,,,,,,,20000000,40000000,1910000000,10000000,10000000,100.9653,100.8717,100.0,96.5006,95.0,3.2505,3.2658,3.4091,4.0,4.2615,,,XBOND,T1,"	2024-07-16 17:51:13	","	2024-07-16 17:51:12	",0,1,0,0
210210,,,,,,,,,,,,,,,,60000000,1910000000,10000000,10000000,,100.9653,100.0,96.5006,95.0,,3.2505,3.4091,4.0,4.2615,,,,XBOND,T1,"	2024-07-16 17:51:12	","	2024-07-16 17:51:11	",0,1,0,0
210210,,,,,,,,,,,,,,,,20000000,40000000,1910000000,10000000,10000000,101.0591,100.9653,100.0,96.5006,95.0,3.2352,3.2505,3.4091,4.0,4.2615,,,XBOND,T1,"	2024-07-16 17:51:11	","	2024-07-16 17:51:10	",0,1,0,0
210210,,,,,,,,,,,,,,,,60000000,1910000000,10000000,10000000,,101.0591,100.0,96.5006,95.0,,3.2352,3.4091,4.0,4.2615,,,,XBOND,T1,"	2024-07-16 17:51:10	","	2024-07-16 17:51:09	",0,1,0,0
210210,,,,,,,,,,,,,,,,20000000,40000000,1910000000,10000000,10000000,101.1529,101.0591,100.0,96.5006,95.0,3.2199,3.2352,3.4091,4.0,4.2615,,,XBOND,T1,"	2024-07-16 17:51:09	","	2024-07-16 17:51:08	",0,1,0,0
210210,,,,,,,,,,,,,,,,60000000,1910000000,10000000,10000000,,101.1529,100.0,96.5006,95.0,,3.2199,3.4091,4.0,4.2615,,,,XBOND,T1,"	2024-07-16 17:51:08	","	2024-07-16 17:51:07	",0,1,0,0
180011,120000000,20000000,,,,103.2576,103.2852,,,,2.7875,2.78,,,,500000000,40000000,,,,101.7517,100.1382,,,,3.2,3.65,,,,,,XBOND,T1,"	2024-07-16 17:48:12	","	2024-07-16 17:48:12	",0,0,0,0
170010,10000000,,,,,103.6217,,,,,2.1783,,,,,10000000,,,,,102.2228,,,,,2.6892,,,,,,,XBOND,T1,"	2024-07-16 17:48:12	","	2024-07-16 17:48:12	",0,0,0,0
180011,20000000,,,,,103.2852,,,,,2.78,,,,,500000000,40000000,,,,101.7517,100.1382,,,,3.2,3.65,,,,,,XBOND,T1,"	2024-07-16 17:48:11	","	2024-07-16 17:48:11	",0,0,0,0
210210,10000000,30000000,,,,101.3391,102.5135,,,,3.1896,3.0,,,,40000000,1910000000,10000000,10000000,,101.1529,100.0,96.5006,95.0,,3.2199,3.4091,4.0,4.2615,,,,XBOND,T1,"	2024-07-16 17:48:05	","	2024-07-16 17:48:05	",0,0,0,0
210210,30000000,,,,,102.5135,,,,,3.0,,,,,1910000000,10000000,10000000,,,100.0,96.5006,95.0,,,3.4091,4.0,4.2615,,,,,XBOND,T1,"	2024-07-16 17:46:51	","	2024-07-16 17:46:51	",0,0,0,0
210210,,,,,,,,,,,,,,,,1910000000,10000000,10000000,,,100.0,96.5006,95.0,,,3.4091,4.0,4.2615,,,,,XBOND,T1,"	2024-07-16 17:46:38	","	2024-07-16 17:46:38	",0,1,0,0
190210,,,,,,,,,,,,,,,,,,,,,,,,,,,,,,,,,XBOND,T1,"	2024-07-16 17:40:40	","	2024-07-16 17:40:39	",0,0,1,0
190210,,,,,,,,,,,,,,,,10000000,,,,,105.2418,,,,,2.5,,,,,,,XBOND,T1,"	2024-07-16 17:40:29	","	2024-07-16 17:40:28	",0,1,0,0
050004,,,,,,,,,,,,,,,,160000000,,,,,92.5,,,,,13.9857,,,,,,,XBOND,T1,"	2024-07-16 17:40:05	","	2024-07-16 17:40:05	",0,1,0,0
050004,10000000,,,,,93.0,,,,,13.2873,,,,,160000000,,,,,92.5,,,,,13.9857,,,,,,,XBOND,T1,"	2024-07-16 17:40:05	","	2024-07-16 17:40:04	",0,0,0,0
190210,10000000,,,,,102.8833,,,,,3.0096,,,,,,,,,,,,,,,,,,,,,,XBOND,T1,"	2024-07-16 17:39:19	","	2024-07-16 17:39:19	",0,1,0,0
050004,,,,,,,,,,,,,,,,160000000,,,,,92.5,,,,,13.9857,,,,,,,XBOND,T1,"	2024-07-16 17:37:15	","	2024-07-16 17:37:14	",0,1,0,0
180210,,,,,,,,,,,,,,,,10000000,10000000,50000000,,,103.1211,103.1163,101.783,,,3.19,3.1913,3.55,,,,,XBOND,T1,"	2024-07-16 17:36:53	","	2024-07-16 17:36:52	",0,1,0,0
050004,10000000,,,,,93.0,,,,,13.2873,,,,,160000000,,,,,92.5,,,,,13.9857,,,,,,,XBOND,T1,"	2024-07-16 17:36:37	","	2024-07-16 17:36:37	",0,0,0,0
210210,,,,,,,,,,,,,,,,1930000000,10000000,10000000,,,100.0,96.5006,95.0,,,3.4091,4.0,4.2615,,,,,XBOND,T1,"	2024-07-16 17:35:58	","	2024-07-16 17:35:58	",0,1,0,0
220220,200000000,300000000,,,,103.6876,104.0086,,,,2.275,2.233,,,,480000000,,,,,93.4665,,,,,3.7,,,,,,,XBOND,T1,"	2024-07-16 17:35:56	","	2024-07-16 17:35:56	",0,0,0,0
210210,30000000,,,,,102.5135,,,,,3.0,,,,,1910000000,10000000,10000000,,,100.0,96.5006,95.0,,,3.4091,4.0,4.2615,,,,,XBOND,T1,"	2024-07-16 17:35:53	","	2024-07-16 17:35:53	",0,0,0,0
180210,,,,,,,,,,,,,,,,20000000,10000000,50000000,,,103.1211,103.1163,101.783,,,3.19,3.1913,3.55,,,,,XBOND,T1,"	2024-07-16 17:35:42	","	2024-07-16 17:35:41	",0,1,0,0
210210,,,,,,,,,,,,,,,,1910000000,10000000,10000000,,,100.0,96.5006,95.0,,,3.4091,4.0,4.2615,,,,,XBOND,T1,"	2024-07-16 17:35:19	","	2024-07-16 17:35:18	",0,1,0,0
180210,,,,,,,,,,,,,,,,20000000,20000000,50000000,,,103.1211,103.1163,101.783,,,3.19,3.1913,3.55,,,,,XBOND,T1,"	2024-07-16 17:35:11	","	2024-07-16 17:35:10	",0,1,0,0
180210,,,,,,,,,,,,,,,,20000000,50000000,20000000,,,103.1211,101.783,101.7782,,,3.19,3.55,3.5513,,,,,XBOND,T1,"	2024-07-16 17:35:10	","	2024-07-16 17:35:09	",0,1,0,0
170010,,,,,,,,,,,,,,,,,,,,,,,,,,,,,,,,,XBOND,T1,"	2024-07-16 17:35:06	","	2024-07-16 17:35:06	",0,0,1,0
180011,,,,,,,,,,,,,,,,500000000,,,,,101.7517,,,,,3.2,,,,,,,XBOND,T1,"	2024-07-16 17:35:05	","	2024-07-16 17:35:05	",0,1,0,0
170010,10000000,,,,,103.8011,,,,,2.1134,,,,,10000000,,,,,102.2228,,,,,2.6892,,,,,,,XBOND,T1,"	2024-07-16 17:35:05	","	2024-07-16 17:35:05	",0,0,0,0
180011,120000000,,,,,103.5231,,,,,2.7155,,,,,500000000,,,,,101.7517,,,,,3.2,,,,,,,XBOND,T1,"	2024-07-16 17:35:04	","	2024-07-16 17:35:04	",0,0,0,0
180011,,,,,,,,,,,,,,,,500000000,,,,,101.7517,,,,,3.2,,,,,,,XBOND,T1,"	2024-07-16 17:34:52	","	2024-07-16 17:34:52	",0,1,0,0
210210,,,,,,,,,,,,,,,,1920000000,10000000,10000000,,,100.0,96.5006,95.0,,,3.4091,4.0,4.2615,,,,,XBOND,T1,"	2024-07-16 17:34:11	","	2024-07-16 17:34:11	",0,1,0,0
180210,,,,,,,,,,,,,,,,50000000,20000000,,,,101.783,101.7782,,,,3.55,3.5513,,,,,,XBOND,T1,"	2024-07-16 17:34:10	","	2024-07-16 17:34:10	",0,1,0,0
180210,,,,,,,,,,,,,,,,20000000,50000000,,,,103.1163,101.783,,,,3.1913,3.55,,,,,,XBOND,T1,"	2024-07-16 17:34:09	","	2024-07-16 17:34:09	",0,1,0,0
180210,,,,,,,,,,,,,,,,20000000,20000000,50000000,,,103.1211,103.1163,101.783,,,3.19,3.1913,3.55,,,,,XBOND,T1,"	2024-07-16 17:33:56	","	2024-07-16 17:33:55	",0,1,0,0
180210,,,,,,,,,,,,,,,,20000000,50000000,20000000,,,103.1211,101.783,101.7782,,,3.19,3.55,3.5513,,,,,XBOND,T1,"	2024-07-16 17:33:55	","	2024-07-16 17:33:54	",0,1,0,0
210210,30000000,,,,,100.8521,,,,,3.269,,,,,1920000000,10000000,10000000,,,100.0,96.5006,95.0,,,3.4091,4.0,4.2615,,,,,XBOND,T1,"	2024-07-16 17:33:43	","	2024-07-16 17:33:42	",0,0,0,0
180011,,,,,,,,,,,,,,,,500000000,100000000,,,,101.7517,101.7336,,,,3.2,3.205,,,,,,XBOND,T1,"	2024-07-16 17:33:35	","	2024-07-16 17:33:34	",0,1,0,0
180011,,,,,,,,,,,,,,,,100000000,500000000,,,,103.5046,101.7517,,,,2.7205,3.2,,,,,,XBOND,T1,"	2024-07-16 17:33:34	","	2024-07-16 17:33:33	",0,1,0,0
220205,40000000,,,,,105.3212,,,,,2.221,,,,,20000000,,,,,105.2859,,,,,2.226,,,,,,,XBOND,T1,"	2024-07-16 17:33:14	","	2024-07-16 17:33:14	",0,0,0,0
210210,30000000,,,,,100.8521,,,,,3.269,,,,,1920000000,60000000,10000000,10000000,,100.0,98.5489,96.5006,95.0,,3.4091,3.651,4.0,4.2615,,,,XBOND,T1,"	2024-07-16 17:33:14	","	2024-07-16 17:33:14	",0,0,0,0
220220,200000000,300000000,,,,103.6876,104.0086,,,,2.275,2.233,,,,480000000,,,,,93.4665,,,,,3.7,,,,,,,XBOND,T1,"	2024-07-16 17:33:14	","	2024-07-16 17:33:14	",0,0,0,0
180210,,,,,,,,,,,,,,,,50000000,20000000,,,,101.783,101.7782,,,,3.55,3.5513,,,,,,XBOND,T1,"	2024-07-16 17:33:10	","	2024-07-16 17:33:10	",0,1,0,0
220210,180000000,1000000000,1000000000,1000000000,1000000000,101.3333,101.4444,101.5555,101.9879,101.9898,2.7888,2.773,2.7572,2.6959,2.6957,860000000,100000000,1000000000,1000000000,1000000000,99.8888,99.8616,99.7897,99.5555,99.4444,2.9961,3.0,3.0104,3.0444,3.0605,,,XBOND,T1,"	2024-07-16 17:33:10	","	2024-07-16 17:33:10	",0,0,0,0
220220,200000000,20000000,300000000,,,103.6876,103.783,104.0086,,,2.275,2.2625,2.233,,,30000000,480000000,,,,103.5733,93.4665,,,,2.29,3.7,,,,,,XBOND,T1,"	2024-07-16 17:33:10	","	2024-07-16 17:33:10	",0,0,0,1
180210,,,,,,,,,,,,,,,,20000000,50000000,,,,103.3415,101.783,,,,3.1313,3.55,,,,,,XBOND,T1,"	2024-07-16 17:33:09	","	2024-07-16 17:33:09	",0,1,0,0
220205,40000000,,,,,105.3212,,,,,2.221,,,,,20000000,,,,,105.2859,,,,,2.226,,,,,,,XBOND,T1,"	2024-07-16 17:33:08	","	2024-07-16 17:33:08	",0,0,0,0
210215,1020000000,,,,,98.862,,,,,3.3,,,,,60000000,980000000,,,,98.675,98.2401,,,,3.33,3.4,,,,,,XBOND,T1,"	2024-07-16 17:33:03	","	2024-07-16 17:33:03	",0,0,0,0
210215,1000000000,,,,,98.862,,,,,3.3,,,,,40000000,980000000,,,,98.675,98.2401,,,,3.33,3.4,,,,,,XBOND,T1,"	2024-07-16 17:33:02	","	2024-07-16 17:33:02	",0,0,0,0
200210,610000000,990000000,,,,99.7842,106.1359,,,,3.14,2.0,,,,930000000,990000000,,,,101.5248,99.4077,,,,2.82,3.21,,,,,,XBOND,T1,"	2024-07-16 17:32:41	","	2024-07-16 17:32:41	",1,0,0,0
220220,200000000,300000000,,,,103.6876,104.0086,,,,2.275,2.233,,,,480000000,,,,,93.4665,,,,,3.7,,,,,,,XBOND,T1,"	2024-07-16 17:32:40	","	2024-07-16 17:32:40	",0,0,0,0
180011,,,,,,,,,,,,,,,,500000000,,,,,101.7517,,,,,3.2,,,,,,,XBOND,T1,"	2024-07-16 17:32:09	","	2024-07-16 17:32:08	",0,1,0,0
180210,,,,,,,,,,,,,,,,50000000,,,,,101.783,,,,,3.55,,,,,,,XBOND,T1,"	2024-07-16 17:32:07	","	2024-07-16 17:32:06	",0,1,0,0
160010,,,,,,,,,,,,,,,,50000000,,,,,101.051,,,,,2.3,,,,,,,XBOND,T1,"	2024-07-16 17:31:45	","	2024-07-16 17:31:44	",0,1,0,0
220205,40000000,,,,,105.3212,,,,,2.221,,,,,20000000,,,,,105.2859,,,,,2.226,,,,,,,XBOND,T1,"	2024-07-16 17:31:45	","	2024-07-16 17:31:44	",0,0,0,0
220220,40000000,200000000,300000000,,,103.6419,103.6876,104.0086,,,2.281,2.275,2.233,,,480000000,,,,,93.4665,,,,,3.7,,,,,,,XBOND,T1,"	2024-07-16 17:31:45	","	2024-07-16 17:31:44	",0,0,0,0
160010,,,,,,,,,,,,,,,,50000000,,,,,101.051,,,,,2.3,,,,,,,XBOND,T1,"	2024-07-16 17:31:42	","	2024-07-16 17:31:41	",0,1,0,0
180210,,,,,,,,,,,,,,,,50000000,20000000,,,,101.783,101.7782,,,,3.55,3.5513,,,,,,XBOND,T1,"	2024-07-16 17:31:41	","	2024-07-16 17:31:40	",0,1,0,0
220220,40000000,200000000,20000000,300000000,,103.6419,103.6876,103.783,104.0086,,2.281,2.275,2.2625,2.233,,30000000,480000000,,,,103.5733,93.4665,,,,2.29,3.7,,,,,,XBOND,T1,"	2024-07-16 17:31:41	","	2024-07-16 17:31:40	",0,0,0,0
200210,610000000,990000000,,,,99.7842,106.1359,,,,3.14,2.0,,,,970000000,990000000,,,,101.5248,99.4077,,,,2.82,3.21,,,,,,XBOND,T1,"	2024-07-16 17:31:41	","	2024-07-16 17:31:40	",1,0,0,0
180210,,,,,,,,,,,,,,,,20000000,50000000,,,,103.1913,101.783,,,,3.1713,3.55,,,,,,XBOND,T1,"	2024-07-16 17:31:40	","	2024-07-16 17:31:39	",0,1,0,0
200210,810000000,990000000,,,,99.7842,106.1359,,,,3.14,2.0,,,,970000000,990000000,,,,101.5248,99.4077,,,,2.82,3.21,,,,,,XBOND,T1,"	2024-07-16 17:31:40	","	2024-07-16 17:31:39	",1,0,0,0
220220,200000000,20000000,300000000,,,103.6876,103.783,104.0086,,,2.275,2.2625,2.233,,,160000000,30000000,480000000,,,103.6419,103.5733,93.4665,,,2.281,2.29,3.7,,,,,XBOND,T1,"	2024-07-16 17:31:40	","	2024-07-16 17:31:39	",0,0,0,0
220210,210000000,1000000000,1000000000,1000000000,1000000000,101.3333,101.4444,101.5555,101.9879,101.9898,2.7888,2.773,2.7572,2.6959,2.6957,860000000,100000000,1000000000,1000000000,1000000000,99.8888,99.8616,99.7897,99.5555,99.4444,2.9961,3.0,3.0104,3.0444,3.0605,,,XBOND,T1,"	2024-07-16 17:31:39	","	2024-07-16 17:31:38	",0,0,0,0
220220,200000000,20000000,300000000,,,103.6876,103.783,104.0086,,,2.275,2.2625,2.233,,,200000000,30000000,480000000,,,103.6419,103.5733,93.4665,,,2.281,2.29,3.7,,,,,XBOND,T1,"	2024-07-16 17:31:39	","	2024-07-16 17:31:38	",0,0,0,0
220205,40000000,,,,,105.3212,,,,,2.221,,,,,20000000,,,,,105.2859,,,,,2.226,,,,,,,XBOND,T1,"	2024-07-16 17:31:36	","	2024-07-16 17:31:35	",0,0,0,0
170010,,,,,,,,,,,,,,,,,,,,,,,,,,,,,,,,,XBOND,T1,"	2024-07-16 17:31:27	","	2024-07-16 17:31:27	",0,0,1,0
180011,,,,,,,,,,,,,,,,500000000,100000000,,,,101.7517,101.7336,,,,3.2,3.205,,,,,,XBOND,T1,"	2024-07-16 17:31:26	","	2024-07-16 17:31:26	",0,1,0,0
170010,10000000,,,,,103.8011,,,,,2.1134,,,,,10000000,,,,,103.5403,,,,,2.2078,,,,,,,XBOND,T1,"	2024-07-16 17:31:26	","	2024-07-16 17:31:26	",0,0,0,0
180011,150000000,,,,,103.5231,,,,,2.7155,,,,,100000000,500000000,,,,103.5046,101.7517,,,,2.7205,3.2,,,,,,XBOND,T1,"	2024-07-16 17:31:25	","	2024-07-16 17:31:25	",0,0,0,0
180210,,,,,,,,,,,,,,,,10000000,20000000,50000000,,,103.1961,103.1913,101.783,,,3.17,3.1713,3.55,,,,,XBOND,T1,"	2024-07-16 17:31:04	","	2024-07-16 17:31:04	",0,1,0,0
180210,,,,,,,,,,,,,,,,10000000,50000000,20000000,,,103.1961,101.783,101.7782,,,3.17,3.55,3.5513,,,,,XBOND,T1,"	2024-07-16 17:31:03	","	2024-07-16 17:31:03	",0,1,0,0
180210,,,,,,,,,,,,,,,,50000000,20000000,,,,101.783,101.7782,,,,3.55,3.5513,,,,,,XBOND,T1,"	2024-07-16 17:31:01	","	2024-07-16 17:31:01	",0,1,0,0
180210,,,,,,,,,,,,,,,,20000000,50000000,,,,103.1913,101.783,,,,3.1713,3.55,,,,,,XBOND,T1,"	2024-07-16 17:31:00	","	2024-07-16 17:31:00	",0,1,0,0
180210,,,,,,,,,,,,,,,,10000000,20000000,50000000,,,103.1961,103.1913,101.783,,,3.17,3.1713,3.55,,,,,XBOND,T1,"	2024-07-16 17:30:56	","	2024-07-16 17:30:56	",0,1,0,0
180210,,,,,,,,,,,,,,,,10000000,50000000,20000000,,,103.1961,101.783,101.7782,,,3.17,3.55,3.5513,,,,,XBOND,T1,"	2024-07-16 17:30:55	","	2024-07-16 17:30:55	",0,1,0,0
180011,,,,,,,,,,,,,,,,500000000,,,,,101.7517,,,,,3.2,,,,,,,XBOND,T1,"	2024-07-16 17:30:48	","	2024-07-16 17:30:48	",0,1,0,0
180210,,,,,,,,,,,,,,,,50000000,20000000,,,,101.783,101.7782,,,,3.55,3.5513,,,,,,XBOND,T1,"	2024-07-16 17:30:32	","	2024-07-16 17:30:32	",0,1,0,0
180210,,,,,,,,,,,,,,,,20000000,50000000,,,,103.1913,101.783,,,,3.1713,3.55,,,,,,XBOND,T1,"	2024-07-16 17:30:31	","	2024-07-16 17:30:31	",0,1,0,0
170010,,,,,,,,,,,,,,,,,,,,,,,,,,,,,,,,,XBOND,T1,"	2024-07-16 17:29:57	","	2024-07-16 17:29:56	",0,0,1,0
180011,,,,,,,,,,,,,,,,500000000,100000000,,,,101.7517,101.7336,,,,3.2,3.205,,,,,,XBOND,T1,"	2024-07-16 17:29:56	","	2024-07-16 17:29:55	",0,1,0,0
170010,10000000,,,,,103.8011,,,,,2.1134,,,,,10000000,,,,,103.5403,,,,,2.2078,,,,,,,XBOND,T1,"	2024-07-16 17:29:56	","	2024-07-16 17:29:55	",0,0,0,0
180011,120000000,,,,,103.5231,,,,,2.7155,,,,,100000000,500000000,,,,103.5046,101.7517,,,,2.7205,3.2,,,,,,XBOND,T1,"	2024-07-16 17:29:55	","	2024-07-16 17:29:54	",0,0,0,0
180210,,,,,,,,,,,,,,,,10000000,20000000,50000000,,,103.1961,103.1913,101.783,,,3.17,3.1713,3.55,,,,,XBOND,T1,"	2024-07-16 17:28:56	","	2024-07-16 17:28:56	",0,1,0,0
180210,,,,,,,,,,,,,,,,10000000,50000000,20000000,,,103.1961,101.783,101.7782,,,3.17,3.55,3.5513,,,,,XBOND,T1,"	2024-07-16 17:28:55	","	2024-07-16 17:28:55	",0,1,0,0
200210,850000000,990000000,,,,99.7842,106.1359,,,,3.14,2.0,,,,970000000,990000000,,,,101.5248,99.4077,,,,2.82,3.21,,,,,,XBOND,T1,"	2024-07-16 17:27:38	","	2024-07-16 17:27:38	",1,0,0,0
200210,850000000,990000000,,,,99.7842,106.1359,,,,3.14,2.0,,,,970000000,990000000,10000000,,,101.5248,99.4077,98.19,,,2.82,3.21,3.4384,,,,,XBOND,T1,"	2024-07-16 17:27:23	","	2024-07-16 17:27:23	",1,0,0,0
200210,850000000,990000000,,,,99.7842,106.1359,,,,3.14,2.0,,,,970000000,990000000,,,,101.5248,99.4077,,,,2.82,3.21,,,,,,XBOND,T1,"	2024-07-16 17:27:07	","	2024-07-16 17:27:07	",1,0,0,0
200210,850000000,990000000,,,,99.7842,106.1359,,,,3.14,2.0,,,,980000000,990000000,,,,101.5248,99.4077,,,,2.82,3.21,,,,,,XBOND,T1,"	2024-07-16 17:26:51	","	2024-07-16 17:26:51	",1,0,0,0
200210,850000000,990000000,,,,99.7842,106.1359,,,,3.14,2.0,,,,990000000,990000000,,,,101.5248,99.4077,,,,2.82,3.21,,,,,,XBOND,T1,"	2024-07-16 17:26:35	","	2024-07-16 17:26:34	",1,0,0,0
050004,,,,,,,,,,,,,,,,160000000,,,,,92.5,,,,,13.9857,,,,,,,XBOND,T1,"	2024-07-16 17:26:22	","	2024-07-16 17:26:21	",0,1,0,0
180210,10000000,,,,,103.1961,,,,,3.17,,,,,50000000,20000000,,,,101.783,101.7782,,,,3.55,3.5513,,,,,,XBOND,T1,"	2024-07-16 17:25:41	","	2024-07-16 17:25:41	",0,0,0,0
180011,,,,,,,,,,,,,,,,500000000,,,,,101.7517,,,,,3.2,,,,,,,XBOND,T1,"	2024-07-16 17:25:36	","	2024-07-16 17:25:36	",0,1,0,0
180210,10000000,,,,,103.1961,,,,,3.17,,,,,50000000,,,,,101.783,,,,,3.55,,,,,,,XBOND,T1,"	2024-07-16 17:25:35	","	2024-07-16 17:25:35	",0,0,0,0
180011,,,,,,,,,,,,,,,,10000000,500000000,,,,103.4899,101.7517,,,,2.7245,3.2,,,,,,XBOND,T1,"	2024-07-16 17:25:20	","	2024-07-16 17:25:20	",0,1,0,0
200210,860000000,990000000,,,,99.7842,106.1359,,,,3.14,2.0,,,,990000000,990000000,,,,101.5248,99.4077,,,,2.82,3.21,,,,,,XBOND,T1,"	2024-07-16 17:25:14	","	2024-07-16 17:25:14	",1,0,0,0
200210,860000000,990000000,,,,99.7842,106.1359,,,,3.14,2.0,,,,990000000,10000000,990000000,10000000,,101.5248,99.58,99.4077,98.13,,2.82,3.1779,3.21,3.4497,,,,XBOND,T1,"	2024-07-16 17:24:58	","	2024-07-16 17:24:58	",1,0,0,0
220205,40000000,,,,,105.3212,,,,,2.221,,,,,20000000,,,,,105.2859,,,,,2.226,,,,,,,XBOND,T1,"	2024-07-16 17:24:54	","	2024-07-16 17:24:53	",0,0,0,0
220220,200000000,300000000,,,,103.6876,104.0086,,,,2.275,2.233,,,,200000000,480000000,,,,103.6419,93.4665,,,,2.281,3.7,,,,,,XBOND,T1,"	2024-07-16 17:24:54	","	2024-07-16 17:24:53	",0,0,0,0
220210,240000000,1000000000,1000000000,1000000000,1000000000,101.3333,101.4444,101.5555,101.9879,101.9898,2.7888,2.773,2.7572,2.6959,2.6957,860000000,100000000,1000000000,1000000000,1000000000,99.8888,99.8616,99.7897,99.5555,99.4444,2.9961,3.0,3.0104,3.0444,3.0605,,,XBOND,T1,"	2024-07-16 17:24:53	","	2024-07-16 17:24:52	",0,0,0,0
220210,240000000,1000000000,1000000000,1000000000,1000000000,101.3333,101.4444,101.5555,101.9879,101.9898,2.7888,2.773,2.7572,2.6959,2.6957,860000000,100000000,1000000000,1000000000,1000000000,99.8888,99.8616,99.7897,99.5555,99.4444,2.9961,3.0,3.0104,3.0444,3.0605,,,XBOND,T1,"	2024-07-16 17:24:52	","	2024-07-16 17:24:51	",0,0,0,0
220220,200000000,20000000,300000000,,,103.6876,103.783,104.0086,,,2.275,2.2625,2.233,,,200000000,30000000,480000000,,,103.6419,103.5733,93.4665,,,2.281,2.29,3.7,,,,,XBOND,T1,"	2024-07-16 17:24:51	","	2024-07-16 17:24:50	",0,0,0,0
220205,40000000,,,,,105.3212,,,,,2.221,,,,,20000000,,,,,105.2859,,,,,2.226,,,,,,,XBOND,T1,"	2024-07-16 17:24:49	","	2024-07-16 17:24:48	",0,0,0,0
180210,10000000,,,,,103.1961,,,,,3.17,,,,,50000000,20000000,,,,101.783,101.7782,,,,3.55,3.5513,,,,,,XBOND,T1,"	2024-07-16 17:24:30	","	2024-07-16 17:24:29	",0,0,0,0
180210,10000000,,,,,103.1961,,,,,3.17,,,,,50000000,,,,,101.783,,,,,3.55,,,,,,,XBOND,T1,"	2024-07-16 17:24:20	","	2024-07-16 17:24:19	",0,0,0,0
200210,860000000,990000000,,,,99.7842,106.1359,,,,3.14,2.0,,,,990000000,990000000,10000000,,,101.5248,99.4077,98.13,,,2.82,3.21,3.4497,,,,,XBOND,T1,"	2024-07-16 17:24:10	","	2024-07-16 17:24:10	",1,0,0,0
180210,30000000,,,,,103.1961,,,,,3.17,,,,,50000000,,,,,101.783,,,,,3.55,,,,,,,XBOND,T1,"	2024-07-16 17:23:54	","	2024-07-16 17:23:54	",0,0,0,0
220210,270000000,1000000000,1000000000,1000000000,1000000000,101.3333,101.4444,101.5555,101.9879,101.9898,2.7888,2.773,2.7572,2.6959,2.6957,860000000,100000000,1000000000,1000000000,1000000000,99.8888,99.8616,99.7897,99.5555,99.4444,2.9961,3.0,3.0104,3.0444,3.0605,,,XBOND,T1,"	2024-07-16 17:23:48	","	2024-07-16 17:23:48	",0,0,0,0
180210,30000000,,,,,103.1961,,,,,3.17,,,,,50000000,20000000,,,,101.783,101.7782,,,,3.55,3.5513,,,,,,XBOND,T1,"	2024-07-16 17:23:46	","	2024-07-16 17:23:46	",0,0,0,0
180210,30000000,,,,,103.1961,,,,,3.17,,,,,50000000,,,,,101.783,,,,,3.55,,,,,,,XBOND,T1,"	2024-07-16 17:23:39	","	2024-07-16 17:23:39	",0,0,0,0
220205,40000000,,,,,105.3212,,,,,2.221,,,,,20000000,,,,,105.2859,,,,,2.226,,,,,,,XBOND,T1,"	2024-07-16 17:23:33	","	2024-07-16 17:23:33	",0,0,0,0
220220,200000000,300000000,,,,103.6876,104.0086,,,,2.275,2.233,,,,200000000,480000000,,,,103.6419,93.4665,,,,2.281,3.7,,,,,,XBOND,T1,"	2024-07-16 17:23:33	","	2024-07-16 17:23:33	",0,0,0,0
170010,,,,,,,,,,,,,,,,,,,,,,,,,,,,,,,,,XBOND,T1,"	2024-07-16 17:22:38	","	2024-07-16 17:22:37	",0,0,1,0
180011,,,,,,,,,,,,,,,,500000000,,,,,101.7517,,,,,3.2,,,,,,,XBOND,T1,"	2024-07-16 17:22:37	","	2024-07-16 17:22:36	",0,1,0,0
170010,10000000,,,,,103.8011,,,,,2.1134,,,,,10000000,,,,,103.5403,,,,,2.2078,,,,,,,XBOND,T1,"	2024-07-16 17:22:37	","	2024-07-16 17:22:36	",0,0,0,0
180011,120000000,,,,,103.5231,,,,,2.7155,,,,,20000000,500000000,,,,103.5046,101.7517,,,,2.7205,3.2,,,,,,XBOND,T1,"	2024-07-16 17:22:36	","	2024-07-16 17:22:35	",0,0,0,0
210215,1000000000,,,,,98.862,,,,,3.3,,,,,60000000,980000000,,,,98.675,98.2401,,,,3.33,3.4,,,,,,XBOND,T1,"	2024-07-16 17:22:05	","	2024-07-16 17:22:05	",0,0,0,0
210215,1000000000,,,,,98.862,,,,,3.3,,,,,980000000,,,,,98.2401,,,,,3.4,,,,,,,XBOND,T1,"	2024-07-16 17:21:57	","	2024-07-16 17:21:57	",0,0,0,0
210210,30000000,,,,,100.8521,,,,,3.269,,,,,1920000000,60000000,10000000,,,100.0,98.5489,96.5006,,,3.4091,3.651,4.0,,,,,XBOND,T1,"	2024-07-16 17:21:29	","	2024-07-16 17:21:29	",0,0,0,0
180210,30000000,,,,,103.1961,,,,,3.17,,,,,50000000,20000000,,,,101.783,101.7782,,,,3.55,3.5513,,,,,,XBOND,T1,"	2024-07-16 17:21:27	","	2024-07-16 17:21:27	",0,0,0,0
180210,30000000,,,,,103.1961,,,,,3.17,,,,,50000000,,,,,101.783,,,,,3.55,,,,,,,XBOND,T1,"	2024-07-16 17:21:17	","	2024-07-16 17:21:17	",0,0,0,0
180210,50000000,,,,,103.1961,,,,,3.17,,,,,50000000,,,,,101.783,,,,,3.55,,,,,,,XBOND,T1,"	2024-07-16 17:20:23	","	2024-07-16 17:20:23	",0,0,0,0
180011,130000000,,,,,103.2116,,,,,2.8,,,,,500000000,10000000,,,,101.7517,101.5016,,,,3.2,3.2692,,,,,,XBOND,T1,"	2024-07-16 17:20:18	","	2024-07-16 17:20:18	",0,0,0,0
180011,120000000,130000000,,,,103.184,103.2116,,,,2.8075,2.8,,,,500000000,70000000,10000000,,,101.7517,101.7336,101.5016,,,3.2,3.205,3.2692,,,,,XBOND,T1,"	2024-07-16 17:20:17	","	2024-07-16 17:20:17	",0,0,0,0
180011,230000000,120000000,,,,103.2116,103.5231,,,,2.8,2.7155,,,,500000000,10000000,,,,101.7517,101.5016,,,,3.2,3.2692,,,,,,XBOND,T1,"	2024-07-16 17:20:16	","	2024-07-16 17:20:16	",0,0,0,0
180011,230000000,,,,,103.2116,,,,,2.8,,,,,500000000,10000000,,,,101.7517,101.5016,,,,3.2,3.2692,,,,,,XBOND,T1,"	2024-07-16 17:19:35	","	2024-07-16 17:19:35	",0,0,0,0
180011,250000000,120000000,,,,103.2116,103.5231,,,,2.8,2.7155,,,,500000000,10000000,,,,101.7517,101.5016,,,,3.2,3.2692,,,,,,XBOND,T1,"	2024-07-16 17:19:34	","	2024-07-16 17:19:34	",0,0,0,0
180210,50000000,,,,,103.1961,,,,,3.17,,,,,50000000,20000000,,,,101.783,101.7782,,,,3.55,3.5513,,,,,,XBOND,T1,"	2024-07-16 17:19:34	","	2024-07-16 17:19:34	",0,0,0,0
220210,270000000,1000000000,1000000000,1000000000,1000000000,101.3333,101.4444,101.5555,101.9879,101.9898,2.7888,2.773,2.7572,2.6959,2.6957,860000000,1000000000,1000000000,1000000000,1000000000,99.8888,99.7897,99.5555,99.4444,99.3333,2.9961,3.0104,3.0444,3.0605,3.0766,,,XBOND,T1,"	2024-07-16 17:18:45	","	2024-07-16 17:18:45	",0,0,0,0
220220,200000000,20000000,300000000,,,103.6876,103.8021,104.0086,,,2.275,2.26,2.233,,,200000000,30000000,480000000,,,103.6419,103.5733,93.4665,,,2.281,2.29,3.7,,,,,XBOND,T1,"	2024-07-16 17:18:45	","	2024-07-16 17:18:45	",0,0,0,0
220205,40000000,,,,,105.3212,,,,,2.221,,,,,20000000,,,,,105.2859,,,,,2.226,,,,,,,XBOND,T1,"	2024-07-16 17:18:42	","	2024-07-16 17:18:42	",0,0,0,0
180011,460000000,,,,,103.2116,,,,,2.8,,,,,500000000,10000000,,,,101.7517,101.5016,,,,3.2,3.2692,,,,,,XBOND,T1,"	2024-07-16 17:18:04	","	2024-07-16 17:18:04	",0,0,0,0
180011,460000000,120000000,,,,103.2116,103.5046,,,,2.8,2.7205,,,,500000000,10000000,,,,101.7517,101.5016,,,,3.2,3.2692,,,,,,XBOND,T1,"	2024-07-16 17:18:03	","	2024-07-16 17:18:03	",0,0,0,0
180011,470000000,,,,,103.2116,,,,,2.8,,,,,500000000,10000000,,,,101.7517,101.5016,,,,3.2,3.2692,,,,,,XBOND,T1,"	2024-07-16 17:18:02	","	2024-07-16 17:18:02	",0,0,0,0
220205,40000000,,,,,105.3212,,,,,2.221,,,,,20000000,,,,,105.2859,,,,,2.226,,,,,,,XBOND,T1,"	2024-07-16 17:17:54	","	2024-07-16 17:17:54	",0,0,0,0
220220,200000000,300000000,,,,103.6876,104.0086,,,,2.275,2.233,,,,200000000,480000000,,,,103.6419,93.4665,,,,2.281,3.7,,,,,,XBOND,T1,"	2024-07-16 17:17:54	","	2024-07-16 17:17:54	",0,0,0,0
190210,,,,,,,,,,,,,,,,20000000,,,,,107.3527,,,,,2.055,,,,,,,XBOND,T0,"	2024-07-16 17:17:48	","	2024-07-16 17:17:47	",0,1,0,0
210210,,,,,,,,,,,,,,,,1920000000,10000000,,,,100.0,96.5006,,,,3.4091,4.0,,,,,,XBOND,T1,"	2024-07-16 17:17:40	","	2024-07-16 17:17:39	",0,1,0,0
210210,,,,,,,,,,,,,,,,1930000000,10000000,,,,100.0,96.5006,,,,3.4091,4.0,,,,,,XBOND,T1,"	2024-07-16 17:17:30	","	2024-07-16 17:17:29	",0,1,0,0
220210,300000000,1000000000,1000000000,1000000000,1000000000,101.3333,101.4444,101.5555,101.9879,101.9898,2.7888,2.773,2.7572,2.6959,2.6957,860000000,1000000000,1000000000,1000000000,1000000000,99.8888,99.7897,99.5555,99.4444,99.3333,2.9961,3.0104,3.0444,3.0605,3.0766,,,XBOND,T1,"	2024-07-16 17:17:22	","	2024-07-16 17:17:21	",0,0,0,0
220220,200000000,20000000,300000000,,,103.6876,103.8021,104.0086,,,2.275,2.26,2.233,,,200000000,30000000,480000000,,,103.6419,103.5733,93.4665,,,2.281,2.29,3.7,,,,,XBOND,T1,"	2024-07-16 17:17:22	","	2024-07-16 17:17:21	",0,0,0,0
220205,40000000,,,,,105.3212,,,,,2.221,,,,,20000000,,,,,105.2859,,,,,2.226,,,,,,,XBOND,T1,"	2024-07-16 17:17:19	","	2024-07-16 17:17:18	",0,0,0,0
220220,200000000,300000000,,,,103.6876,104.0086,,,,2.275,2.233,,,,200000000,480000000,,,,103.6419,93.4665,,,,2.281,3.7,,,,,,XBOND,T1,"	2024-07-16 17:16:52	","	2024-07-16 17:16:52	",0,0,0,1
210215,1000000000,,,,,98.862,,,,,3.3,,,,,40000000,980000000,,,,98.6283,98.2401,,,,3.3375,3.4,,,,,,XBOND,T1,"	2024-07-16 17:16:41	","	2024-07-16 17:16:41	",0,0,0,0
200210,860000000,990000000,,,,99.7842,106.1359,,,,3.14,2.0,,,,990000000,990000000,,,,101.5248,99.4077,,,,2.82,3.21,,,,,,XBOND,T1,"	2024-07-16 17:16:18	","	2024-07-16 17:16:18	",1,0,0,0
220205,40000000,,,,,105.3212,,,,,2.221,,,,,20000000,,,,,105.2859,,,,,2.226,,,,,,,XBOND,T1,"	2024-07-16 17:16:17	","	2024-07-16 17:16:17	",0,0,0,0
220220,300000000,,,,,104.0086,,,,,2.233,,,,,480000000,,,,,93.4665,,,,,3.7,,,,,,,XBOND,T1,"	2024-07-16 17:16:17	","	2024-07-16 17:16:17	",0,0,0,0
180011,470000000,,,,,103.2116,,,,,2.8,,,,,500000000,10000000,,,,101.7517,101.5016,,,,3.2,3.2692,,,,,,XBOND,T1,"	2024-07-16 17:15:28	","	2024-07-16 17:15:28	",0,0,0,0
180011,470000000,10000000,,,,103.2116,103.5231,,,,2.8,2.7155,,,,500000000,10000000,,,,101.7517,101.5016,,,,3.2,3.2692,,,,,,XBOND,T1,"	2024-07-16 17:15:27	","	2024-07-16 17:15:27	",0,0,0,0
180210,50000000,,,,,103.1961,,,,,3.17,,,,,50000000,,,,,101.783,,,,,3.55,,,,,,,XBOND,T1,"	2024-07-16 17:15:17	","	2024-07-16 17:15:17	",0,0,0,0
190210,20000000,,,,,102.8833,,,,,3.0096,,,,,,,,,,,,,,,,,,,,,,XBOND,T1,"	2024-07-16 17:14:06	","	2024-07-16 17:14:05	",0,1,0,0
220210,330000000,1000000000,1000000000,1000000000,1000000000,101.3333,101.4444,101.5555,101.9879,101.9898,2.7888,2.773,2.7572,2.6959,2.6957,860000000,1000000000,1000000000,1000000000,1000000000,99.8888,99.7897,99.5555,99.4444,99.3333,2.9961,3.0104,3.0444,3.0605,3.0766,,,XBOND,T1,"	2024-07-16 17:13:59	","	2024-07-16 17:13:58	",0,0,0,0
220220,20000000,300000000,,,,103.8021,104.0086,,,,2.26,2.233,,,,30000000,480000000,,,,103.6114,93.4665,,,,2.285,3.7,,,,,,XBOND,T1,"	2024-07-16 17:13:59	","	2024-07-16 17:13:58	",0,0,0,1
180011,480000000,,,,,103.2116,,,,,2.8,,,,,500000000,10000000,,,,101.7517,101.5016,,,,3.2,3.2692,,,,,,XBOND,T1,"	2024-07-16 17:13:56	","	2024-07-16 17:13:55	",0,0,0,0
220205,40000000,,,,,105.3212,,,,,2.221,,,,,20000000,,,,,105.2859,,,,,2.226,,,,,,,XBOND,T1,"	2024-07-16 17:13:56	","	2024-07-16 17:13:55	",0,0,0,0
180011,10000000,480000000,,,,103.184,103.2116,,,,2.8075,2.8,,,,500000000,10000000,10000000,,,101.7517,101.7336,101.5016,,,3.2,3.205,3.2692,,,,,XBOND,T1,"	2024-07-16 17:13:43	","	2024-07-16 17:13:43	",0,0,0,0
170010,10000000,,,,,103.5662,,,,,2.1984,,,,,10000000,,,,,102.2228,,,,,2.6892,,,,,,,XBOND,T1,"	2024-07-16 17:13:43	","	2024-07-16 17:13:43	",0,0,0,0
180011,10000000,480000000,,,,103.184,103.2116,,,,2.8075,2.8,,,,500000000,10000000,10000000,,,101.7517,101.7336,101.6826,,,3.2,3.205,3.2191,,,,,XBOND,T1,"	2024-07-16 17:13:42	","	2024-07-16 17:13:42	",0,0,0,0
170010,10000000,,,,,103.5662,,,,,2.1984,,,,,10000000,,,,,102.3565,,,,,2.64,,,,,,,XBOND,T1,"	2024-07-16 17:13:42	","	2024-07-16 17:13:42	",0,0,0,0
180011,10000000,480000000,,,,103.184,103.2116,,,,2.8075,2.8,,,,10000000,500000000,10000000,,,101.9299,101.7517,101.5016,,,3.1508,3.2,3.2692,,,,,XBOND,T1,"	2024-07-16 17:13:41	","	2024-07-16 17:13:41	",0,0,0,0
170010,10000000,,,,,103.5662,,,,,2.1984,,,,,10000000,,,,,102.2228,,,,,2.6892,,,,,,,XBOND,T1,"	2024-07-16 17:13:41	","	2024-07-16 17:13:41	",0,0,0,0
180011,10000000,480000000,,,,103.184,103.2116,,,,2.8075,2.8,,,,10000000,500000000,10000000,,,101.9481,101.7517,101.7336,,,3.1458,3.2,3.205,,,,,XBOND,T1,"	2024-07-16 17:13:40	","	2024-07-16 17:13:40	",0,0,0,0
170010,10000000,,,,,103.5662,,,,,2.1984,,,,,10000000,,,,,102.5523,,,,,2.5681,,,,,,,XBOND,T1,"	2024-07-16 17:13:40	","	2024-07-16 17:13:40	",0,0,0,0
180011,10000000,480000000,,,,103.184,103.2116,,,,2.8075,2.8,,,,10000000,500000000,10000000,,,102.1907,101.7517,101.5016,,,3.079,3.2,3.2692,,,,,XBOND,T1,"	2024-07-16 17:13:39	","	2024-07-16 17:13:39	",0,0,0,0
170010,10000000,,,,,103.5662,,,,,2.1984,,,,,10000000,,,,,102.2228,,,,,2.6892,,,,,,,XBOND,T1,"	2024-07-16 17:13:39	","	2024-07-16 17:13:39	",0,0,0,0
180011,10000000,480000000,,,,103.184,103.2116,,,,2.8075,2.8,,,,10000000,500000000,10000000,,,102.2089,101.7517,101.7336,,,3.074,3.2,3.205,,,,,XBOND,T1,"	2024-07-16 17:13:38	","	2024-07-16 17:13:38	",0,0,0,0
170010,10000000,,,,,103.5662,,,,,2.1984,,,,,10000000,,,,,102.7442,,,,,2.4978,,,,,,,XBOND,T1,"	2024-07-16 17:13:38	","	2024-07-16 17:13:38	",0,0,0,0
180011,10000000,480000000,,,,103.184,103.2116,,,,2.8075,2.8,,,,10000000,500000000,10000000,,,102.4465,101.7517,101.5016,,,3.0088,3.2,3.2692,,,,,XBOND,T1,"	2024-07-16 17:13:37	","	2024-07-16 17:13:37	",0,0,0,0
170010,10000000,,,,,103.5662,,,,,2.1984,,,,,10000000,,,,,102.2228,,,,,2.6892,,,,,,,XBOND,T1,"	2024-07-16 17:13:37	","	2024-07-16 17:13:37	",0,0,0,0
180011,10000000,480000000,,,,103.184,103.2116,,,,2.8075,2.8,,,,10000000,500000000,10000000,,,102.4647,101.7517,101.7336,,,3.0038,3.2,3.205,,,,,XBOND,T1,"	2024-07-16 17:13:36	","	2024-07-16 17:13:36	",0,0,0,0
170010,10000000,,,,,103.5662,,,,,2.1984,,,,,10000000,,,,,102.9329,,,,,2.4288,,,,,,,XBOND,T1,"	2024-07-16 17:13:36	","	2024-07-16 17:13:36	",0,0,0,0
180011,10000000,480000000,,,,103.184,103.2116,,,,2.8075,2.8,,,,10000000,500000000,10000000,,,102.6975,101.7517,101.5016,,,2.9401,3.2,3.2692,,,,,XBOND,T1,"	2024-07-16 17:13:35	","	2024-07-16 17:13:35	",0,0,0,0
170010,10000000,,,,,103.5662,,,,,2.1984,,,,,10000000,,,,,102.2228,,,,,2.6892,,,,,,,XBOND,T1,"	2024-07-16 17:13:35	","	2024-07-16 17:13:35	",0,0,0,0
180011,10000000,480000000,,,,103.184,103.2116,,,,2.8075,2.8,,,,10000000,500000000,10000000,,,102.7158,101.7517,101.7336,,,2.9351,3.2,3.205,,,,,XBOND,T1,"	2024-07-16 17:13:34	","	2024-07-16 17:13:34	",0,0,0,0
170010,10000000,,,,,103.5662,,,,,2.1984,,,,,10000000,,,,,103.1177,,,,,2.3614,,,,,,,XBOND,T1,"	2024-07-16 17:13:34	","	2024-07-16 17:13:34	",0,0,0,0
180011,10000000,480000000,,,,103.184,103.2116,,,,2.8075,2.8,,,,10000000,500000000,10000000,,,102.9433,101.7517,101.5016,,,2.873,3.2,3.2692,,,,,XBOND,T1,"	2024-07-16 17:13:33	","	2024-07-16 17:13:33	",0,0,0,0
170010,10000000,,,,,103.5662,,,,,2.1984,,,,,10000000,,,,,102.2228,,,,,2.6892,,,,,,,XBOND,T1,"	2024-07-16 17:13:33	","	2024-07-16 17:13:33	",0,0,0,0
180011,10000000,480000000,,,,103.184,103.2116,,,,2.8075,2.8,,,,10000000,500000000,10000000,,,102.9617,101.7517,101.7336,,,2.868,3.2,3.205,,,,,XBOND,T1,"	2024-07-16 17:13:32	","	2024-07-16 17:13:32	",0,0,0,0
170010,10000000,,,,,103.5662,,,,,2.1984,,,,,10000000,,,,,103.2988,,,,,2.2955,,,,,,,XBOND,T1,"	2024-07-16 17:13:32	","	2024-07-16 17:13:32	",0,0,0,0
180011,480000000,10000000,,,,103.2116,103.5231,,,,2.8,2.7155,,,,10000000,500000000,10000000,,,103.184,101.7517,101.5016,,,2.8075,3.2,3.2692,,,,,XBOND,T1,"	2024-07-16 17:13:31	","	2024-07-16 17:13:31	",0,0,0,0
220220,300000000,,,,,104.0086,,,,,2.233,,,,,480000000,,,,,93.4665,,,,,3.7,,,,,,,XBOND,T1,"	2024-07-16 17:12:59	","	2024-07-16 17:12:59	",0,0,0,0
220220,300000000,,,,,104.0086,,,,,2.233,,,,,90000000,480000000,,,,103.6114,93.4665,,,,2.285,3.7,,,,,,XBOND,T1,"	2024-07-16 17:12:51	","	2024-07-16 17:12:51	",0,0,0,0
180011,480000000,,,,,103.2116,,,,,2.8,,,,,500000000,10000000,,,,101.7517,101.5016,,,,3.2,3.2692,,,,,,XBOND,T1,"	2024-07-16 17:12:22	","	2024-07-16 17:12:21	",0,0,0,0
170010,10000000,,,,,103.5662,,,,,2.1984,,,,,10000000,,,,,102.2228,,,,,2.6892,,,,,,,XBOND,T1,"	2024-07-16 17:12:22	","	2024-07-16 17:12:21	",0,0,0,0
170010,,,,,,,,,,,,,,,,10000000,,,,,102.2228,,,,,2.6892,,,,,,,XBOND,T1,"	2024-07-16 17:12:21	","	2024-07-16 17:12:20	",0,1,0,0
180210,,,,,,,,,,,,,,,,,,,,,,,,,,,,,,,,,XBOND,T1,"	2024-07-16 17:11:55	","	2024-07-16 17:11:55	",0,0,1,0
180210,,,,,,,,,,,,,,,,,,,,,,,,,,,,,,,,,XBOND,T1,"	2024-07-16 17:11:26	","	2024-07-16 17:11:26	",0,0,1,0
220210,360000000,1000000000,1000000000,1000000000,1000000000,101.3333,101.4444,101.5555,101.9879,101.9898,2.7888,2.773,2.7572,2.6959,2.6957,860000000,1000000000,1000000000,1000000000,1000000000,99.8888,99.7897,99.5555,99.4444,99.3333,2.9961,3.0104,3.0444,3.0605,3.0766,,,XBOND,T1,"	2024-07-16 17:11:03	","	2024-07-16 17:11:03	",0,0,0,0
220210,30000000,360000000,1000000000,1000000000,1000000000,101.0,101.3333,101.4444,101.5555,101.9879,2.8363,2.7888,2.773,2.7572,2.6959,860000000,1000000000,1000000000,1000000000,1000000000,99.8888,99.7897,99.5555,99.4444,99.3333,2.9961,3.0104,3.0444,3.0605,3.0766,,,XBOND,T1,"	2024-07-16 17:10:38	","	2024-07-16 17:10:37	",0,0,0,0
190210,50000000,,,,,107.6164,,,,,2.0,,,,,20000000,,,,,107.3527,,,,,2.055,,,,,,,XBOND,T0,"	2024-07-16 17:10:17	","	2024-07-16 17:10:17	",0,0,0,0
180210,10000000,,,,,103.1961,,,,,3.17,,,,,,,,,,,,,,,,,,,,,,XBOND,T1,"	2024-07-16 17:10:15	","	2024-07-16 17:10:15	",0,1,0,0
190210,50000000,,,,,102.8833,,,,,3.0096,,,,,,,,,,,,,,,,,,,,,,XBOND,T1,"	2024-07-16 17:09:58	","	2024-07-16 17:09:58	",0,1,0,0
190210,50000000,30000000,,,,102.8833,107.6122,,,,3.0096,2.0,,,,,,,,,,,,,,,,,,,,,XBOND,T1,"	2024-07-16 17:09:30	","	2024-07-16 17:09:30	",0,1,0,0
190210,,,,,,,,,,,,,,,,20000000,,,,,107.3527,,,,,2.055,,,,,,,XBOND,T0,"	2024-07-16 17:09:30	","	2024-07-16 17:09:30	",0,1,0,0
220205,40000000,,,,,105.3212,,,,,2.221,,,,,20000000,,,,,105.2859,,,,,2.226,,,,,,,XBOND,T1,"	2024-07-16 17:09:16	","	2024-07-16 17:09:16	",0,0,0,0
180210,30000000,,,,,103.1961,,,,,3.17,,,,,,,,,,,,,,,,,,,,,,XBOND,T1,"	2024-07-16 17:09:06	","	2024-07-16 17:09:05	",0,1,0,0
180011,470000000,,,,,103.2116,,,,,2.8,,,,,500000000,,,,,101.7517,,,,,3.2,,,,,,,XBOND,T1,"	2024-07-16 17:08:08	","	2024-07-16 17:08:08	",0,0,0,0
180011,470000000,10000000,,,,103.2116,103.5231,,,,2.8,2.7155,,,,500000000,,,,,101.7517,,,,,3.2,,,,,,,XBOND,T1,"	2024-07-16 17:08:07	","	2024-07-16 17:08:07	",0,0,0,0
220205,50000000,,,,,105.3212,,,,,2.221,,,,,20000000,,,,,105.2859,,,,,2.226,,,,,,,XBOND,T1,"	2024-07-16 17:08:04	","	2024-07-16 17:08:04	",0,0,0,0
200210,890000000,990000000,,,,99.7842,106.1359,,,,3.14,2.0,,,,990000000,990000000,,,,101.5248,99.4077,,,,2.82,3.21,,,,,,XBOND,T1,"	2024-07-16 17:07:58	","	2024-07-16 17:07:58	",1,0,0,0
220205,50000000,,,,,105.3212,,,,,2.221,,,,,30000000,,,,,105.2859,,,,,2.226,,,,,,,XBOND,T1,"	2024-07-16 17:07:48	","	2024-07-16 17:07:48	",0,0,0,0
180210,50000000,,,,,103.1961,,,,,3.17,,,,,,,,,,,,,,,,,,,,,,XBOND,T1,"	2024-07-16 17:07:42	","	2024-07-16 17:07:42	",0,1,0,0
190210,50000000,,,,,102.8833,,,,,3.0096,,,,,,,,,,,,,,,,,,,,,,XBOND,T1,"	2024-07-16 17:07:10	","	2024-07-16 17:07:09	",0,1,0,0
180210,30000000,50000000,,,,103.1905,103.1961,,,,3.1715,3.17,,,,,,,,,,,,,,,,,,,,,XBOND,T1,"	2024-07-16 17:06:49	","	2024-07-16 17:06:48	",0,1,0,0
190210,,,,,,,,,,,,,,,,,,,,,,,,,,,,,,,,,XBOND,T1,"	2024-07-16 17:06:16	","	2024-07-16 17:06:16	",0,0,1,0
200210,890000000,40000000,40000000,990000000,,99.7842,105.5331,105.5474,106.1359,,3.14,2.105,2.1025,2.0,,990000000,990000000,,,,101.5248,99.4077,,,,2.82,3.21,,,,,,XBOND,T1,"	2024-07-16 17:05:11	","	2024-07-16 17:05:10	",1,0,0,0
200210,930000000,40000000,40000000,990000000,,99.7842,105.5331,105.5474,106.1359,,3.14,2.105,2.1025,2.0,,990000000,990000000,,,,101.5248,99.4077,,,,2.82,3.21,,,,,,XBOND,T1,"	2024-07-16 17:04:51	","	2024-07-16 17:04:51	",1,0,0,0
210210,,,,,,,,,,,,,,,,1920000000,10000000,,,,100.0,96.5006,,,,3.4091,4.0,,,,,,XBOND,T1,"	2024-07-16 17:04:45	","	2024-07-16 17:04:45	",0,1,0,0
180210,50000000,,,,,103.1961,,,,,3.17,,,,,,,,,,,,,,,,,,,,,,XBOND,T1,"	2024-07-16 17:04:42	","	2024-07-16 17:04:42	",0,1,0,0
220205,50000000,,,,,105.3212,,,,,2.221,,,,,40000000,,,,,105.2859,,,,,2.226,,,,,,,XBOND,T1,"	2024-07-16 17:04:38	","	2024-07-16 17:04:38	",0,0,0,0
200210,930000000,40000000,990000000,,,99.7842,105.5474,106.1359,,,3.14,2.1025,2.0,,,990000000,990000000,,,,101.5248,99.4077,,,,2.82,3.21,,,,,,XBOND,T1,"	2024-07-16 17:04:38	","	2024-07-16 17:04:38	",1,0,0,0
210210,,,,,,,,,,,,,,,,1930000000,10000000,,,,100.0,96.5006,,,,3.4091,4.0,,,,,,XBOND,T1,"	2024-07-16 17:04:38	","	2024-07-16 17:04:38	",0,1,0,0
210210,,,,,,,,,,,,,,,,30000000,1930000000,10000000,,,102.5135,100.0,96.5006,,,3.0,3.4091,4.0,,,,,XBOND,T1,"	2024-07-16 17:04:31	","	2024-07-16 17:04:31	",0,1,0,0
200210,930000000,990000000,,,,99.7842,106.1359,,,,3.14,2.0,,,,990000000,990000000,,,,101.5248,99.4077,,,,2.82,3.21,,,,,,XBOND,T1,"	2024-07-16 17:04:29	","	2024-07-16 17:04:29	",1,0,0,0
220210,30000000,360000000,1000000000,1000000000,1000000000,101.0,101.3333,101.4444,101.5555,101.9879,2.8363,2.7888,2.773,2.7572,2.6959,890000000,1000000000,1000000000,1000000000,1000000000,99.8888,99.7897,99.5555,99.4444,99.3333,2.9961,3.0104,3.0444,3.0605,3.0766,,,XBOND,T1,"	2024-07-16 17:03:28	","	2024-07-16 17:03:27	",0,0,0,0
180011,480000000,,,,,103.2116,,,,,2.8,,,,,500000000,,,,,101.7517,,,,,3.2,,,,,,,XBOND,T1,"	2024-07-16 17:03:11	","	2024-07-16 17:03:11	",0,0,0,0
220205,50000000,,,,,105.3212,,,,,2.221,,,,,40000000,,,,,105.2859,,,,,2.226,,,,,,,XBOND,T1,"	2024-07-16 17:03:09	","	2024-07-16 17:03:09	",0,0,0,0
220205,50000000,,,,,105.3212,,,,,2.221,,,,,50000000,,,,,105.2859,,,,,2.226,,,,,,,XBOND,T1,"	2024-07-16 17:02:36	","	2024-07-16 17:02:36	",0,0,0,0
190210,10000000,,,,,107.0563,,,,,2.1162,,,,,,,,,,,,,,,,,,,,,,XBOND,T1,"	2024-07-16 17:02:10	","	2024-07-16 17:02:09	",0,1,0,0
190210,10000000,,,,,107.1336,,,,,2.1,,,,,,,,,,,,,,,,,,,,,,XBOND,T1,"	2024-07-16 17:02:09	","	2024-07-16 17:02:08	",0,1,0,0
220210,30000000,360000000,1000000000,1000000000,1000000000,101.0,101.3333,101.4444,101.5555,101.9879,2.8363,2.7888,2.773,2.7572,2.6959,930000000,1000000000,1000000000,1000000000,1000000000,99.8888,99.7897,99.5555,99.4444,99.3333,2.9961,3.0104,3.0444,3.0605,3.0766,,,XBOND,T1,"	2024-07-16 17:01:51	","	2024-07-16 17:01:50	",0,0,0,0
220210,360000000,1000000000,1000000000,1000000000,1000000000,101.3333,101.4444,101.5555,101.9879,101.9898,2.7888,2.773,2.7572,2.6959,2.6957,930000000,1000000000,1000000000,1000000000,1000000000,99.8888,99.7897,99.5555,99.4444,99.3333,2.9961,3.0104,3.0444,3.0605,3.0766,,,XBOND,T1,"	2024-07-16 17:01:41	","	2024-07-16 17:01:40	",0,0,0,0
180210,30000000,50000000,,,,103.1905,103.1961,,,,3.1715,3.17,,,,,,,,,,,,,,,,,,,,,XBOND,T1,"	2024-07-16 17:00:54	","	2024-07-16 17:00:54	",0,1,0,0
220210,360000000,1000000000,1000000000,1000000000,1000000000,101.3333,101.4444,101.5555,101.9879,101.9898,2.7888,2.773,2.7572,2.6959,2.6957,940000000,1000000000,1000000000,1000000000,1000000000,99.8888,99.7897,99.5555,99.4444,99.3333,2.9961,3.0104,3.0444,3.0605,3.0766,,,XBOND,T1,"	2024-07-16 17:00:48	","	2024-07-16 17:00:48	",0,0,0,0
220220,310000000,,,,,104.0086,,,,,2.233,,,,,90000000,480000000,,,,103.6114,93.4665,,,,2.285,3.7,,,,,,XBOND,T1,"	2024-07-16 17:00:44	","	2024-07-16 17:00:44	",0,0,0,0
180210,50000000,,,,,103.1961,,,,,3.17,,,,,,,,,,,,,,,,,,,,,,XBOND,T1,"	2024-07-16 17:00:44	","	2024-07-16 17:00:44	",0,1,0,0
220210,30000000,360000000,1000000000,1000000000,1000000000,100.0,101.3333,101.4444,101.5555,101.9879,2.98,2.7888,2.773,2.7572,2.6959,940000000,1000000000,1000000000,1000000000,1000000000,99.8888,99.7897,99.5555,99.4444,99.3333,2.9961,3.0104,3.0444,3.0605,3.0766,,,XBOND,T1,"	2024-07-16 17:00:09	","	2024-07-16 17:00:08	",0,0,0,0
180210,30000000,50000000,,,,103.1905,103.1961,,,,3.1715,3.17,,,,,,,,,,,,,,,,,,,,,XBOND,T1,"	2024-07-16 17:00:05	","	2024-07-16 17:00:04	",0,1,0,0
180210,50000000,,,,,103.1961,,,,,3.17,,,,,,,,,,,,,,,,,,,,,,XBOND,T1,"	2024-07-16 16:59:55	","	2024-07-16 16:59:54	",0,1,0,0
220205,,,,,,,,,,,,,,,,,,,,,,,,,,,,,,,,,XBOND,T1,"	2024-07-16 16:59:28	","	2024-07-16 16:59:28	",0,0,1,0
190210,20000000,,,,,107.1336,,,,,2.1,,,,,,,,,,,,,,,,,,,,,,XBOND,T1,"	2024-07-16 16:58:54	","	2024-07-16 16:58:54	",0,1,0,0
190210,10000000,10000000,,,,107.0563,107.1336,,,,2.1162,2.1,,,,,,,,,,,,,,,,,,,,,XBOND,T1,"	2024-07-16 16:58:53	","	2024-07-16 16:58:53	",0,1,0,0
180210,30000000,50000000,,,,103.1905,103.1961,,,,3.1715,3.17,,,,,,,,,,,,,,,,,,,,,XBOND,T1,"	2024-07-16 16:58:35	","	2024-07-16 16:58:34	",0,1,0,0
180210,30000000,50000000,,,,103.1905,103.1961,,,,3.1715,3.17,,,,10000000,,,,,101.8475,,,,,3.5325,,,,,,,XBOND,T1,"	2024-07-16 16:58:34	","	2024-07-16 16:58:33	",0,0,0,0
160010,,,,,,,,,,,,,,,,50000000,,,,,101.051,,,,,2.3,,,,,,,XBOND,T1,"	2024-07-16 16:57:47	","	2024-07-16 16:57:47	",0,1,0,0
220210,360000000,1000000000,1000000000,1000000000,1000000000,101.3333,101.4444,101.5555,101.9879,101.9898,2.7888,2.773,2.7572,2.6959,2.6957,940000000,1000000000,1000000000,1000000000,1000000000,99.8888,99.7897,99.5555,99.4444,99.3333,2.9961,3.0104,3.0444,3.0605,3.0766,,,XBOND,T1,"	2024-07-16 16:57:30	","	2024-07-16 16:57:30	",0,0,0,0
180210,30000000,50000000,,,,103.1905,103.1961,,,,3.1715,3.17,,,,10000000,20000000,,,,101.8567,101.8475,,,,3.53,3.5325,,,,,,XBOND,T1,"	2024-07-16 16:57:09	","	2024-07-16 16:57:09	",0,0,0,0
160010,,,,,,,,,,,,,,,,50000000,50000000,,,,101.7181,101.051,,,,1.9242,2.3,,,,,,XBOND,T1,"	2024-07-16 16:56:49	","	2024-07-16 16:56:48	",0,1,0,0
220210,410000000,1000000000,1000000000,1000000000,1000000000,101.3333,101.4444,101.5555,101.9879,101.9898,2.7888,2.773,2.7572,2.6959,2.6957,940000000,1000000000,1000000000,1000000000,1000000000,99.8888,99.7897,99.5555,99.4444,99.3333,2.9961,3.0104,3.0444,3.0605,3.0766,,,XBOND,T1,"	2024-07-16 16:55:38	","	2024-07-16 16:55:38	",0,0,0,0
220205,,,,,,,,,,,,,,,,,,,,,,,,,,,,,,,,,XBOND,T1,"	2024-07-16 16:55:22	","	2024-07-16 16:55:22	",0,0,1,0
050004,,,,,,,,,,,,,,,,,,,,,,,,,,,,,,,,,XBOND,T0,"	2024-07-16 16:50:38	","	2024-07-16 16:50:38	",0,0,1,0
190210,10000000,,,,,107.0563,,,,,2.1162,,,,,,,,,,,,,,,,,,,,,,XBOND,T1,"	2024-07-16 16:50:37	","	2024-07-16 16:50:37	",0,1,0,0
180210,30000000,50000000,,,,103.1905,103.1961,,,,3.1715,3.17,,,,10000000,10000000,20000000,,,101.866,101.8567,101.8475,,,3.5275,3.53,3.5325,,,,,XBOND,T1,"	2024-07-16 16:50:35	","	2024-07-16 16:50:35	",0,0,0,0
190210,,,,,,,,,,,,,,,,20000000,,,,,107.1384,,,,,2.099,,,,,,,XBOND,T1,"	2024-07-16 16:50:26	","	2024-07-16 16:50:26	",0,1,0,0
180011,,,,,,,,,,,,,,,,,,,,,,,,,,,,,,,,,XBOND,T0,"	2024-07-16 16:49:46	","	2024-07-16 16:49:45	",0,0,1,0
180011,10000000,480000000,,,,103.184,103.2116,,,,2.8075,2.8,,,,500000000,10000000,10000000,,,101.7517,101.7336,101.5619,,,3.2,3.205,3.2525,,,,,XBOND,T1,"	2024-07-16 16:49:36	","	2024-07-16 16:49:35	",0,0,0,0
190210,,,,,,,,,,,,,,,,20000000,10000000,,,,107.1384,99.53,,,,2.099,3.7563,,,,,,XBOND,T1,"	2024-07-16 16:49:28	","	2024-07-16 16:49:27	",0,1,0,0
050004,,,,,,,,,,,,,,,,200000000,,,,,92.5,,,,,13.9857,,,,,,,XBOND,T1,"	2024-07-16 16:49:18	","	2024-07-16 16:49:18	",0,1,0,0
050004,10000000,,,,,93.0,,,,,13.2873,,,,,200000000,,,,,92.5,,,,,13.9857,,,,,,,XBOND,T1,"	2024-07-16 16:49:17	","	2024-07-16 16:49:17	",0,0,0,0
200210,970000000,990000000,,,,99.7842,106.1359,,,,3.14,2.0,,,,990000000,990000000,,,,101.5248,99.4077,,,,2.82,3.21,,,,,,XBOND,T1,"	2024-07-16 16:49:05	","	2024-07-16 16:49:05	",1,0,0,0
200210,970000000,990000000,,,,99.7842,106.1359,,,,3.14,2.0,,,,990000000,990000000,10000000,,,101.5248,99.4077,98.33,,,2.82,3.21,3.412,,,,,XBOND,T1,"	2024-07-16 16:49:04	","	2024-07-16 16:49:04	",1,0,0,0
160010,,,,,,,,,,,,,,,,50000000,,,,,101.051,,,,,2.3,,,,,,,XBOND,T1,"	2024-07-16 16:48:50	","	2024-07-16 16:48:50	",0,1,0,0
210210,,,,,,,,,,,,,,,,30000000,1920000000,10000000,,,102.5135,100.0,96.5006,,,3.0,3.4091,4.0,,,,,XBOND,T1,"	2024-07-16 16:48:27	","	2024-07-16 16:48:27	",0,1,0,0
210210,,,,,,,,,,,,,,,,1920000000,10000000,,,,100.0,96.5006,,,,3.4091,4.0,,,,,,XBOND,T1,"	2024-07-16 16:48:21	","	2024-07-16 16:48:21	",0,1,0,0
200210,970000000,990000000,,,,99.7842,106.1359,,,,3.14,2.0,,,,990000000,990000000,,,,101.5248,99.4077,,,,2.82,3.21,,,,,,XBOND,T1,"	2024-07-16 16:48:12	","	2024-07-16 16:48:12	",1,0,0,0
200210,970000000,990000000,,,,99.7842,106.1359,,,,3.14,2.0,,,,990000000,990000000,10000000,,,101.5248,99.4077,98.44,,,2.82,3.21,3.3912,,,,,XBOND,T1,"	2024-07-16 16:48:11	","	2024-07-16 16:48:10	",1,0,0,0
180210,30000000,50000000,,,,103.1905,103.1961,,,,3.1715,3.17,,,,10000000,20000000,,,,101.8567,101.8475,,,,3.53,3.5325,,,,,,XBOND,T1,"	2024-07-16 16:47:33	","	2024-07-16 16:47:33	",0,0,0,0
200210,970000000,990000000,,,,99.7842,106.1359,,,,3.14,2.0,,,,990000000,990000000,,,,101.5248,99.4077,,,,2.82,3.21,,,,,,XBOND,T1,"	2024-07-16 16:47:13	","	2024-07-16 16:47:13	",1,0,0,0
200210,970000000,990000000,,,,99.7842,106.1359,,,,3.14,2.0,,,,990000000,990000000,10000000,,,101.5248,99.4077,98.25,,,2.82,3.21,3.4271,,,,,XBOND,T1,"	2024-07-16 16:47:08	","	2024-07-16 16:47:08	",1,0,0,0
200210,970000000,990000000,,,,99.7842,106.1359,,,,3.14,2.0,,,,990000000,990000000,,,,101.5248,99.4077,,,,2.82,3.21,,,,,,XBOND,T1,"	2024-07-16 16:46:53	","	2024-07-16 16:46:53	",1,0,0,1
180210,50000000,,,,,103.1961,,,,,3.17,,,,,10000000,,,,,101.8567,,,,,3.53,,,,,,,XBOND,T1,"	2024-07-16 16:46:31	","	2024-07-16 16:46:31	",0,0,0,0
180011,10000000,480000000,,,,103.184,103.2116,,,,2.8075,2.8,,,,500000000,10000000,,,,101.7517,101.7336,,,,3.2,3.205,,,,,,XBOND,T1,"	2024-07-16 16:46:27	","	2024-07-16 16:46:26	",0,0,0,0
180011,10000000,480000000,,,,103.184,103.2116,,,,2.8075,2.8,,,,510000000,10000000,,,,101.7517,101.7336,,,,3.2,3.205,,,,,,XBOND,T1,"	2024-07-16 16:46:23	","	2024-07-16 16:46:22	",0,0,0,0
050004,,,,,,,,,,,,,,,,10000000,,,,,93.6,,,,,12.4299,,,,,,,XBOND,T0,"	2024-07-16 16:46:21	","	2024-07-16 16:46:20	",0,1,0,0
180210,30000000,50000000,,,,103.1905,103.1961,,,,3.1715,3.17,,,,10000000,20000000,,,,101.8567,101.8475,,,,3.53,3.5325,,,,,,XBOND,T1,"	2024-07-16 16:46:14	","	2024-07-16 16:46:13	",0,0,0,0
050004,,,,,,,,,,,,,,,,,,,,,,,,,,,,,,,,,XBOND,T0,"	2024-07-16 16:45:49	","	2024-07-16 16:45:49	",0,0,1,0
180011,10000000,480000000,,,,103.184,103.2116,,,,2.8075,2.8,,,,520000000,10000000,,,,101.7517,101.7336,,,,3.2,3.205,,,,,,XBOND,T1,"	2024-07-16 16:45:40	","	2024-07-16 16:45:40	",0,0,0,0
050004,,,,,,,,,,,,,,,,200000000,,,,,92.5,,,,,13.9857,,,,,,,XBOND,T1,"	2024-07-16 16:45:40	","	2024-07-16 16:45:39	",0,1,0,0
050004,190000000,,,,,93.0,,,,,13.2873,,,,,200000000,,,,,92.5,,,,,13.9857,,,,,,,XBOND,T1,"	2024-07-16 16:45:38	","	2024-07-16 16:45:38	",0,0,0,0
180210,50000000,,,,,103.1961,,,,,3.17,,,,,10000000,,,,,101.8567,,,,,3.53,,,,,,,XBOND,T1,"	2024-07-16 16:45:38	","	2024-07-16 16:45:38	",0,0,0,0
220205,,,,,,,,,,,,,,,,,,,,,,,,,,,,,,,,,XBOND,T1,"	2024-07-16 16:45:18	","	2024-07-16 16:45:18	",0,0,1,0
200210,990000000,,,,,106.1359,,,,,2.0,,,,,990000000,10000000,10000000,,,101.5248,100.2183,100.2182,,,2.82,3.0596,3.0597,,,,,XBOND,T1,"	2024-07-16 16:45:13	","	2024-07-16 16:45:13	",0,0,0,0
200210,990000000,,,,,106.1359,,,,,2.0,,,,,990000000,10000000,,,,101.5248,100.2182,,,,2.82,3.0597,,,,,,XBOND,T1,"	2024-07-16 16:45:08	","	2024-07-16 16:45:08	",0,0,0,0
200210,990000000,,,,,106.1359,,,,,2.0,,,,,990000000,10000000,10000000,,,101.5248,100.2183,100.2182,,,2.82,3.0596,3.0597,,,,,XBOND,T1,"	2024-07-16 16:45:07	","	2024-07-16 16:45:07	",0,0,0,0
180210,50000000,,,,,103.1961,,,,,3.17,,,,,20000000,,,,,101.8567,,,,,3.53,,,,,,,XBOND,T1,"	2024-07-16 16:45:03	","	2024-07-16 16:45:03	",0,0,0,0
200210,990000000,,,,,106.1359,,,,,2.0,,,,,990000000,10000000,,,,101.5248,100.2182,,,,2.82,3.0597,,,,,,XBOND,T1,"	2024-07-16 16:45:02	","	2024-07-16 16:45:02	",0,0,0,0
200210,990000000,,,,,106.1359,,,,,2.0,,,,,990000000,,,,,101.5248,,,,,2.82,,,,,,,XBOND,T1,"	2024-07-16 16:44:57	","	2024-07-16 16:44:57	",0,0,0,0
200210,990000000,,,,,106.1359,,,,,2.0,,,,,990000000,10000000,,,,101.5248,100.2182,,,,2.82,3.0597,,,,,,XBOND,T1,"	2024-07-16 16:44:56	","	2024-07-16 16:44:56	",0,0,0,0
200210,990000000,,,,,106.1359,,,,,2.0,,,,,990000000,,,,,101.5248,,,,,2.82,,,,,,,XBOND,T1,"	2024-07-16 16:44:50	","	2024-07-16 16:44:50	",0,0,0,0
200210,990000000,,,,,106.1359,,,,,2.0,,,,,990000000,,,,,101.5248,,,,,2.82,,,,,,,XBOND,T1,"	2024-07-16 16:44:44	","	2024-07-16 16:44:43	",0,0,0,0
200210,990000000,,,,,106.1359,,,,,2.0,,,,,990000000,10000000,,,,101.5248,100.2182,,,,2.82,3.0597,,,,,,XBOND,T1,"	2024-07-16 16:44:43	","	2024-07-16 16:44:42	",0,0,0,0
220205,,,,,,,,,,,,,,,,,,,,,,,,,,,,,,,,,XBOND,T1,"	2024-07-16 16:44:37	","	2024-07-16 16:44:36	",0,0,1,0
180210,20000000,50000000,,,,103.1905,103.1961,,,,3.1715,3.17,,,,20000000,20000000,,,,101.8567,101.8475,,,,3.53,3.5325,,,,,,XBOND,T1,"	2024-07-16 16:44:35	","	2024-07-16 16:44:34	",0,0,0,0
200210,990000000,,,,,106.1359,,,,,2.0,,,,,990000000,,,,,101.5248,,,,,2.82,,,,,,,XBOND,T1,"	2024-07-16 16:44:30	","	2024-07-16 16:44:29	",0,0,0,0
200210,990000000,,,,,106.1359,,,,,2.0,,,,,990000000,50000000,10000000,10000000,10000000,101.5248,100.9355,100.9354,100.7258,100.3917,2.82,2.9277,2.9277,2.9662,3.0276,,,XBOND,T1,"	2024-07-16 16:44:29	","	2024-07-16 16:44:28	",0,0,0,0
200210,990000000,,,,,106.1359,,,,,2.0,,,,,990000000,50000000,10000000,10000000,10000000,101.5248,100.9355,100.9354,100.3917,100.1591,2.82,2.9277,2.9277,3.0276,3.0706,,,XBOND,T1,"	2024-07-16 16:44:28	","	2024-07-16 16:44:27	",0,0,0,0
200210,990000000,,,,,106.1359,,,,,2.0,,,,,990000000,50000000,10000000,10000000,10000000,101.5248,100.9355,100.9354,100.1591,100.1069,2.82,2.9277,2.9277,3.0706,3.0802,,,XBOND,T1,"	2024-07-16 16:44:27	","	2024-07-16 16:44:26	",0,0,0,0
200210,990000000,,,,,106.1359,,,,,2.0,,,,,990000000,50000000,10000000,10000000,,101.5248,100.9355,100.9354,100.1591,,2.82,2.9277,2.9277,3.0706,,,,XBOND,T1,"	2024-07-16 16:44:03	","	2024-07-16 16:44:03	",0,0,0,0
180011,10000000,480000000,,,,103.184,103.2116,,,,2.8075,2.8,,,,520000000,10000000,,,,101.7517,101.7336,,,,3.2,3.205,,,,,,XBOND,T1,"	2024-07-16 16:43:35	","	2024-07-16 16:43:35	",0,0,0,0
200210,990000000,,,,,106.1359,,,,,2.0,,,,,990000000,50000000,10000000,10000000,,101.5248,100.9355,100.9354,100.1591,,2.82,2.9277,2.9277,3.0706,,,,XBOND,T1,"	2024-07-16 16:43:31	","	2024-07-16 16:43:31	",0,0,0,0
190210,,,,,,,,,,,,,,,,20000000,,,,,107.1384,,,,,2.099,,,,,,,XBOND,T1,"	2024-07-16 16:43:30	","	2024-07-16 16:43:30	",0,1,0,0
200210,990000000,,,,,106.1359,,,,,2.0,,,,,990000000,50000000,10000000,,,101.5248,100.9355,100.9354,,,2.82,2.9277,2.9277,,,,,XBOND,T1,"	2024-07-16 16:43:29	","	2024-07-16 16:43:29	",0,0,0,0
180011,,,,,,,,,,,,,,,,10000000,,,,,103.2193,,,,,2.7985,,,,,,,XBOND,T0,"	2024-07-16 16:43:28	","	2024-07-16 16:43:28	",0,1,0,0
200210,990000000,,,,,106.1359,,,,,2.0,,,,,990000000,10000000,,,,101.5248,100.9354,,,,2.82,2.9277,,,,,,XBOND,T1,"	2024-07-16 16:43:28	","	2024-07-16 16:43:28	",0,0,0,0
190210,10000000,,,,,107.6122,,,,,2.0,,,,,20000000,,,,,107.1384,,,,,2.099,,,,,,,XBOND,T1,"	2024-07-16 16:43:13	","	2024-07-16 16:43:13	",0,0,0,0
180011,10000000,480000000,,,,103.184,103.2116,,,,2.8075,2.8,,,,510000000,10000000,,,,101.7517,101.7336,,,,3.2,3.205,,,,,,XBOND,T1,"	2024-07-16 16:42:58	","	2024-07-16 16:42:57	",0,0,0,0
220220,320000000,,,,,104.0086,,,,,2.233,,,,,90000000,480000000,,,,103.6114,93.4665,,,,2.285,3.7,,,,,,XBOND,T1,"	2024-07-16 16:42:44	","	2024-07-16 16:42:43	",0,0,0,0
050004,,,,,,,,,,,,,,,,10000000,,,,,93.0,,,,,13.2873,,,,,,,XBOND,T1,"	2024-07-16 16:41:20	","	2024-07-16 16:41:20	",0,1,0,0
190210,,,,,,,,,,,,,,,,20000000,,,,,107.1384,,,,,2.099,,,,,,,XBOND,T1,"	2024-07-16 16:41:05	","	2024-07-16 16:41:04	",0,1,0,0
190210,,,,,,,,,,,,,,,,30000000,,,,,107.1384,,,,,2.099,,,,,,,XBOND,T1,"	2024-07-16 16:40:44	","	2024-07-16 16:40:43	",0,1,0,0
190210,,,,,,,,,,,,,,,,20000000,,,,,107.1384,,,,,2.099,,,,,,,XBOND,T1,"	2024-07-16 16:40:43	","	2024-07-16 16:40:42	",0,1,0,0
220220,200000000,320000000,,,,103.8021,104.0086,,,,2.26,2.233,,,,90000000,480000000,,,,103.6114,93.4665,,,,2.285,3.7,,,,,,XBOND,T1,"	2024-07-16 16:40:17	","	2024-07-16 16:40:17	",0,0,0,0
190210,,,,,,,,,,,,,,,,20000000,,,,,107.1384,,,,,2.099,,,,,,,XBOND,T1,"	2024-07-16 16:39:52	","	2024-07-16 16:39:52	",0,1,0,0
190210,,,,,,,,,,,,,,,,20000000,,,,,107.1384,,,,,2.099,,,,,,,XBOND,T1,"	2024-07-16 16:39:51	","	2024-07-16 16:39:51	",0,1,0,0
220220,320000000,,,,,104.0086,,,,,2.233,,,,,90000000,480000000,,,,103.6114,93.4665,,,,2.285,3.7,,,,,,XBOND,T1,"	2024-07-16 16:39:36	","	2024-07-16 16:39:36	",0,0,0,0
190210,,,,,,,,,,,,,,,,20000000,,,,,107.1384,,,,,2.099,,,,,,,XBOND,T1,"	2024-07-16 16:39:32	","	2024-07-16 16:39:32	",0,1,0,0
180011,,,,,,,,,,,,,,,,,,,,,,,,,,,,,,,,,XBOND,T0,"	2024-07-16 16:39:29	","	2024-07-16 16:39:29	",0,0,1,0
180210,20000000,50000000,,,,103.1905,103.1961,,,,3.1715,3.17,,,,30000000,20000000,,,,101.8567,101.8475,,,,3.53,3.5325,,,,,,XBOND,T1,"	2024-07-16 16:39:26	","	2024-07-16 16:39:26	",0,0,0,0
220210,420000000,1000000000,1000000000,1000000000,1000000000,101.3333,101.4444,101.5555,101.9879,101.9898,2.7888,2.773,2.7572,2.6959,2.6957,940000000,1000000000,1000000000,1000000000,1000000000,99.8888,99.7897,99.5555,99.4444,99.3333,2.9961,3.0104,3.0444,3.0605,3.0766,,,XBOND,T1,"	2024-07-16 16:39:25	","	2024-07-16 16:39:25	",0,0,0,0
220220,20000000,320000000,,,,103.783,104.0086,,,,2.2625,2.233,,,,90000000,30000000,480000000,,,103.6114,103.5733,93.4665,,,2.285,2.29,3.7,,,,,XBOND,T1,"	2024-07-16 16:39:25	","	2024-07-16 16:39:25	",0,0,0,0
220205,,,,,,,,,,,,,,,,,,,,,,,,,,,,,,,,,XBOND,T1,"	2024-07-16 16:39:23	","	2024-07-16 16:39:23	",0,0,1,0
220205,,,,,,,,,,,,,,,,,,,,,,,,,,,,,,,,,XBOND,T1,"	2024-07-16 16:39:22	","	2024-07-16 16:39:22	",0,0,1,0
180210,30000000,50000000,,,,103.1905,103.1961,,,,3.1715,3.17,,,,30000000,20000000,,,,101.8567,101.8475,,,,3.53,3.5325,,,,,,XBOND,T1,"	2024-07-16 16:39:17	","	2024-07-16 16:39:16	",0,0,0,0
180210,50000000,,,,,103.1961,,,,,3.17,,,,,30000000,,,,,101.8567,,,,,3.53,,,,,,,XBOND,T1,"	2024-07-16 16:37:02	","	2024-07-16 16:37:01	",0,0,0,0
180210,50000000,,,,,103.1961,,,,,3.17,,,,,10000000,30000000,,,,102.7098,101.8567,,,,3.3,3.53,,,,,,XBOND,T1,"	2024-07-16 16:37:01	","	2024-07-16 16:37:00	",0,0,0,0
220220,320000000,,,,,104.0086,,,,,2.233,,,,,90000000,480000000,,,,103.6114,93.4665,,,,2.285,3.7,,,,,,XBOND,T1,"	2024-07-16 16:36:47	","	2024-07-16 16:36:47	",0,0,0,0
210210,,,,,,,,,,,,,,,,10000000,1920000000,10000000,,,105.1185,100.0,96.5006,,,2.5887,3.4091,4.0,,,,,XBOND,T1,"	2024-07-16 16:36:30	","	2024-07-16 16:36:30	",0,1,0,0
050004,,,,,,,,,,,,,,,,20000000,,,,,93.0,,,,,13.2873,,,,,,,XBOND,T1,"	2024-07-16 16:35:45	","	2024-07-16 16:35:45	",0,1,0,0
180210,50000000,,,,,103.1961,,,,,3.17,,,,,30000000,,,,,101.8567,,,,,3.53,,,,,,,XBOND,T1,"	2024-07-16 16:34:28	","	2024-07-16 16:34:28	",0,0,0,0
180210,50000000,,,,,103.1961,,,,,3.17,,,,,40000000,,,,,101.8567,,,,,3.53,,,,,,,XBOND,T1,"	2024-07-16 16:34:22	","	2024-07-16 16:34:22	",0,0,0,0
180011,,,,,,,,,,,,,,,,10000000,,,,,103.2101,,,,,2.801,,,,,,,XBOND,T0,"	2024-07-16 16:33:05	","	2024-07-16 16:33:05	",0,1,0,0
180011,10000000,480000000,,,,103.184,103.2116,,,,2.8075,2.8,,,,500000000,10000000,,,,101.7517,101.7336,,,,3.2,3.205,,,,,,XBOND,T1,"	2024-07-16 16:32:22	","	2024-07-16 16:32:22	",0,0,0,0
180210,50000000,,,,,103.1961,,,,,3.17,,,,,50000000,,,,,101.8567,,,,,3.53,,,,,,,XBOND,T1,"	2024-07-16 16:31:40	","	2024-07-16 16:31:39	",0,0,0,0
180011,480000000,,,,,103.2116,,,,,2.8,,,,,500000000,,,,,101.7517,,,,,3.2,,,,,,,XBOND,T1,"	2024-07-16 16:30:54	","	2024-07-16 16:30:54	",0,0,0,0
180011,480000000,,,,,103.2116,,,,,2.8,,,,,500000000,,,,,101.7517,,,,,3.2,,,,,,,XBOND,T1,"	2024-07-16 16:30:30	","	2024-07-16 16:30:30	",0,0,0,0
220210,450000000,1000000000,1000000000,1000000000,1000000000,101.3333,101.4444,101.5555,101.9879,101.9898,2.7888,2.773,2.7572,2.6959,2.6957,940000000,1000000000,1000000000,1000000000,1000000000,99.8888,99.7897,99.5555,99.4444,99.3333,2.9961,3.0104,3.0444,3.0605,3.0766,,,XBOND,T1,"	2024-07-16 16:30:26	","	2024-07-16 16:30:26	",0,0,0,0
180011,490000000,,,,,103.2116,,,,,2.8,,,,,500000000,,,,,101.7517,,,,,3.2,,,,,,,XBOND,T1,"	2024-07-16 16:30:20	","	2024-07-16 16:30:19	",0,0,0,0
210210,,,,,,,,,,,,,,,,10000000,1920000000,,,,105.1185,100.0,,,,2.5887,3.4091,,,,,,XBOND,T1,"	2024-07-16 16:30:14	","	2024-07-16 16:30:13	",0,1,0,0
180210,,,,,,,,,,,,,,,,,,,,,,,,,,,,,,,,,XBOND,T1,"	2024-07-16 16:30:01	","	2024-07-16 16:30:00	",0,0,1,0
180011,490000000,,,,,103.2116,,,,,2.8,,,,,10000000,500000000,,,,102.4786,101.7517,,,,3.0,3.2,,,,,,XBOND,T1,"	2024-07-16 16:29:41	","	2024-07-16 16:29:41	",0,0,0,0
200210,990000000,,,,,106.1359,,,,,2.0,,,,,990000000,,,,,101.5248,,,,,2.82,,,,,,,XBOND,T1,"	2024-07-16 16:29:36	","	2024-07-16 16:29:36	",0,0,0,0
210210,10000000,,,,,105.8691,,,,,2.4725,,,,,10000000,1920000000,,,,105.1185,100.0,,,,2.5887,3.4091,,,,,,XBOND,T1,"	2024-07-16 16:29:28	","	2024-07-16 16:29:28	",0,0,0,0
180011,490000000,,,,,103.2116,,,,,2.8,,,,,500000000,,,,,101.7517,,,,,3.2,,,,,,,XBOND,T1,"	2024-07-16 16:29:24	","	2024-07-16 16:29:24	",0,0,0,0
170010,,,,,,,,,,,,,,,,,,,,,,,,,,,,,,,,,XBOND,T1,"	2024-07-16 16:26:27	","	2024-07-16 16:26:26	",0,0,1,0
220205,,,,,,,,,,,,,,,,,,,,,,,,,,,,,,,,,XBOND,T1,"	2024-07-16 16:26:27	","	2024-07-16 16:26:26	",0,0,1,0
220220,320000000,,,,,104.0086,,,,,2.233,,,,,100000000,480000000,,,,103.6114,93.4665,,,,2.285,3.7,,,,,,XBOND,T1,"	2024-07-16 16:26:27	","	2024-07-16 16:26:26	",0,0,0,0
190210,,,,,,,,,,,,,,,,20000000,,,,,107.1384,,,,,2.099,,,,,,,XBOND,T1,"	2024-07-16 16:26:27	","	2024-07-16 16:26:26	",0,1,0,0
170010,,,,,,,,,,,,,,,,,,,,,,,,,,,,,,,,,XBOND,T1,"	2024-07-16 16:25:52	","	2024-07-16 16:25:52	",0,0,1,0
210210,110000000,,,,,105.8691,,,,,2.4725,,,,,80000000,10000000,1920000000,,,105.8367,105.1185,100.0,,,2.4775,2.5887,3.4091,,,,,XBOND,T1,"	2024-07-16 16:25:25	","	2024-07-16 16:25:25	",0,0,0,0
210210,110000000,,,,,105.8691,,,,,2.4725,,,,,90000000,10000000,1920000000,,,105.8367,105.1185,100.0,,,2.4775,2.5887,3.4091,,,,,XBOND,T1,"	2024-07-16 16:24:15	","	2024-07-16 16:24:15	",0,0,0,0
210210,110000000,,,,,105.8691,,,,,2.4725,,,,,90000000,1920000000,,,,105.8367,100.0,,,,2.4775,3.4091,,,,,,XBOND,T1,"	2024-07-16 16:24:14	","	2024-07-16 16:24:14	",0,0,0,0
210215,1000000000,,,,,98.862,,,,,3.3,,,,,980000000,,,,,98.2401,,,,,3.4,,,,,,,XBOND,T1,"	2024-07-16 16:24:00	","	2024-07-16 16:24:00	",0,0,0,0
210215,80000000,1000000000,,,,98.8595,98.862,,,,3.3004,3.3,,,,980000000,,,,,98.2401,,,,,3.4,,,,,,,XBOND,T1,"	2024-07-16 16:23:59	","	2024-07-16 16:23:59	",0,0,0,0
220210,450000000,1000000000,1000000000,1000000000,1000000000,101.3333,101.4444,101.5555,101.9879,101.9898,2.7888,2.773,2.7572,2.6959,2.6957,950000000,1000000000,1000000000,1000000000,1000000000,99.8888,99.7897,99.5555,99.4444,99.3333,2.9961,3.0104,3.0444,3.0605,3.0766,,,XBOND,T1,"	2024-07-16 16:23:59	","	2024-07-16 16:23:59	",0,0,0,0
220210,450000000,1000000000,1000000000,1000000000,1000000000,101.3333,101.4444,101.5555,101.9879,101.9898,2.7888,2.773,2.7572,2.6959,2.6957,960000000,1000000000,1000000000,1000000000,1000000000,99.8888,99.7897,99.5555,99.4444,99.3333,2.9961,3.0104,3.0444,3.0605,3.0766,,,XBOND,T1,"	2024-07-16 16:23:36	","	2024-07-16 16:23:36	",0,0,0,0
170010,,,,,,,,,,,,,,,,,,,,,,,,,,,,,,,,,XBOND,T1,"	2024-07-16 16:22:46	","	2024-07-16 16:22:46	",0,0,1,0
190210,,,,,,,,,,,,,,,,20000000,,,,,107.1384,,,,,2.099,,,,,,,XBOND,T1,"	2024-07-16 16:22:38	","	2024-07-16 16:22:38	",0,1,0,0
220220,20000000,320000000,,,,103.783,104.0086,,,,2.2625,2.233,,,,100000000,30000000,480000000,,,103.6114,103.5733,93.4665,,,2.285,2.29,3.7,,,,,XBOND,T1,"	2024-07-16 16:22:08	","	2024-07-16 16:22:08	",0,0,0,0
220210,440000000,1000000000,1000000000,1000000000,1000000000,101.3333,101.4444,101.5555,101.9879,101.9898,2.7888,2.773,2.7572,2.6959,2.6957,960000000,1000000000,1000000000,1000000000,1000000000,99.8888,99.7897,99.5555,99.4444,99.3333,2.9961,3.0104,3.0444,3.0605,3.0766,,,XBOND,T1,"	2024-07-16 16:21:55	","	2024-07-16 16:21:55	",0,0,0,0
220220,100000000,20000000,320000000,,,103.7258,103.783,104.0086,,,2.27,2.2625,2.233,,,100000000,30000000,480000000,,,103.6114,103.5733,93.4665,,,2.285,2.29,3.7,,,,,XBOND,T1,"	2024-07-16 16:21:47	","	2024-07-16 16:21:47	",0,0,0,0
190210,10000000,,,,,107.2292,,,,,2.08,,,,,20000000,,,,,107.1384,,,,,2.099,,,,,,,XBOND,T1,"	2024-07-16 16:20:17	","	2024-07-16 16:20:17	",0,0,0,0
190210,10000000,,,,,107.2292,,,,,2.08,,,,,20000000,20000000,,,,107.1384,99.58,,,,2.099,3.7449,,,,,,XBOND,T1,"	2024-07-16 16:20:12	","	2024-07-16 16:20:12	",0,0,0,0
190210,10000000,,,,,107.2292,,,,,2.08,,,,,20000000,10000000,,,,107.1384,99.58,,,,2.099,3.7449,,,,,,XBOND,T1,"	2024-07-16 16:20:10	","	2024-07-16 16:20:10	",0,0,0,0
190210,10000000,,,,,107.2292,,,,,2.08,,,,,20000000,,,,,107.1384,,,,,2.099,,,,,,,XBOND,T1,"	2024-07-16 16:19:48	","	2024-07-16 16:19:47	",0,0,0,0
190210,10000000,,,,,107.2292,,,,,2.08,,,,,20000000,10000000,,,,107.1384,98.92,,,,2.099,3.895,,,,,,XBOND,T1,"	2024-07-16 16:19:38	","	2024-07-16 16:19:37	",0,0,0,0
190210,10000000,,,,,107.2292,,,,,2.08,,,,,20000000,10000000,,,,107.1384,99.02,,,,2.099,3.8722,,,,,,XBOND,T1,"	2024-07-16 16:19:37	","	2024-07-16 16:19:36	",0,0,0,0
190210,10000000,,,,,107.2292,,,,,2.08,,,,,20000000,20000000,10000000,,,107.1384,99.13,99.02,,,2.099,3.8471,3.8722,,,,,XBOND,T1,"	2024-07-16 16:19:36	","	2024-07-16 16:19:35	",0,0,0,0
190210,10000000,,,,,107.2292,,,,,2.08,,,,,20000000,20000000,,,,107.1384,99.13,,,,2.099,3.8471,,,,,,XBOND,T1,"	2024-07-16 16:19:32	","	2024-07-16 16:19:31	",0,0,0,0
190210,10000000,,,,,107.2292,,,,,2.08,,,,,20000000,10000000,,,,107.1384,99.13,,,,2.099,3.8471,,,,,,XBOND,T1,"	2024-07-16 16:19:31	","	2024-07-16 16:19:30	",0,0,0,0
190210,10000000,,,,,107.2292,,,,,2.08,,,,,20000000,,,,,107.1384,,,,,2.099,,,,,,,XBOND,T1,"	2024-07-16 16:19:13	","	2024-07-16 16:19:13	",0,0,0,0
210210,100000000,,,,,105.8691,,,,,2.4725,,,,,90000000,1920000000,,,,105.8367,100.0,,,,2.4775,3.4091,,,,,,XBOND,T1,"	2024-07-16 16:18:54	","	2024-07-16 16:18:54	",0,0,0,0
190210,10000000,,,,,107.2292,,,,,2.08,,,,,20000000,,,,,107.1384,,,,,2.099,,,,,,,XBOND,T1,"	2024-07-16 16:18:53	","	2024-07-16 16:18:53	",0,0,0,0
220210,450000000,1000000000,1000000000,1000000000,1000000000,101.3333,101.4444,101.5555,101.9879,101.9898,2.7888,2.773,2.7572,2.6959,2.6957,960000000,1000000000,1000000000,1000000000,1000000000,99.8888,99.7897,99.5555,99.4444,99.3333,2.9961,3.0104,3.0444,3.0605,3.0766,,,XBOND,T1,"	2024-07-16 16:18:46	","	2024-07-16 16:18:46	",0,0,0,0
220220,20000000,320000000,,,,103.783,104.0086,,,,2.2625,2.233,,,,30000000,480000000,,,,103.5733,93.4665,,,,2.29,3.7,,,,,,XBOND,T1,"	2024-07-16 16:18:46	","	2024-07-16 16:18:46	",0,0,0,1
200210,10000000,990000000,,,,105.4141,106.1359,,,,2.1258,2.0,,,,10000000,990000000,,,,105.2258,101.5248,,,,2.1588,2.82,,,,,,XBOND,T1,"	2024-07-16 16:18:45	","	2024-07-16 16:18:45	",0,0,0,1
220205,,,,,,,,,,,,,,,,,,,,,,,,,,,,,,,,,XBOND,T1,"	2024-07-16 16:18:43	","	2024-07-16 16:18:43	",0,0,1,0
170010,,,,,,,,,,,,,,,,,,,,,,,,,,,,,,,,,XBOND,T1,"	2024-07-16 16:18:43	","	2024-07-16 16:18:43	",0,0,1,0
